2479 3508
524 87 1814 216 Reise um die Welt in den Jahren 1772 bis 1775.
1966 100 2079 236 29
276 207 2068 334 lord) glaubten, die Resolution würde noch denselben Tag auf der
285 319 2068 397 Rhede ankommen, und verlangten, daß wir uns Abends zwischen
285 408 2059 493 funf und sechs Uhr an Bord derselben begeben möchten. Al-
283 477 2057 557 lein zu unserm großen Mißvergnügen erschien das Schiff nicht,
272 557 1979 626 und der Graf verließ Plymouth am folgenden Morgen*).
394 608 2059 704 Früh am 3. Julius sahen wir die Resolution auf der Rhede
285 693 2059 769 vor Anker, wo sie in voriger Nacht angelangt war. Capitain
285 767 2057 847 Cook gedachte, etwa acht bis zehn Tage hier zuzubringen, und
274 838 2059 923 befahl, mittlerweile in unsern Cajüten noch einige schlechterdings
290 916 2055 990 nothwendige Einrichtungen zu treffen. Da wir inzwischen keine
283 983 2053 1068 Gelegenheit zu Erweiterung der Wissenschaft, oder zu unsrer Be¬
281 1063 2053 1152 lehrung versäumen wollten, so bedienten wir uns dieser Zeit,
276 1134 2057 1217 um die Zinnbergwerke in Cornwall zu besuchen, und nachdem
285 1199 2046 1293 wir in den großen und reichhaltigen Gruben zu Poldyce und
276 1275 2057 1351 Kenwyn Vergnügen und Unterricht gefunden hatten, so kehrten
276 1348 1656 1451 wir am 8. Julius nach Plymouth wieder zurück.
533 1417 2050 1507 „Capitain Cook bekam in Plymouth Verhaltungsbefehle,
281 1478 2050 1587 vom 25. Junius datirt*). Diesen zufolge sollte er die Adven-
267 1571 2055 1658 ture unter sein Commando nehmen, nach Madera segeln, sich
274 1638 2055 1736 dort mit Wein versehen, und sodann zu Erfrischung seiner Leute
276 1714 2057 1790 und um beide Schiffe mit Lebensmitteln zu versorgen, am Vor-
274 1785 2055 1870 gebirge der guten Hoffnung anlegen. Von da aus sollte er süd¬
274 1868 2059 1957 lich laufen, und wo möglich das Cap de la Circoncision ent¬
276 1937 2059 2017 decken, welches Herr Bouvet unter dem 54. Grad Süderbreite
276 2006 2057 2095 und ungefähr 11° - 20´ östlicher Länge, von Greenwich angiebt.
281 2073 2055 2180 Entdeckte er dieses, so sollte er untersuchen, ob es zum festen
189 2252 2099 2997 *) Dieser Umstand scheint beim ersten Anblick ziemlich unbedeutend  desse
218 2260 2135 3025 und die Erwähnung desselben überflüssig zu sein; allein für die Reifen =
247 2455 2112 3025 den war er wichtig. Wäre das Schiff noch vor der Abreise des Grafen
274 2514 2056 2561 Sandwich in Plymouth eingetroffen, so hätte es
