<?xml version="1.0" encoding="UTF-8"?><PcGts xmlns="http://schema.primaresearch.org/PAGE/gts/pagecontent/2019-07-15" xmlns:xsi="http://www.w3.org/2001/XMLSchema-instance" xsi:schemaLocation="http://schema.primaresearch.org/PAGE/gts/pagecontent/2019-07-15 http://schema.primaresearch.org/PAGE/gts/pagecontent/2019-07-15/pagecontent.xsd"><Metadata><Creator>prov=READ-COOP:name=TrHtr:version=2.19.0:model_id=51170:date=26_11_2024_21:05</Creator><Created>2024-11-26T20:56:02</Created><LastChange>2024-12-04T02:37:11</LastChange><Comments/></Metadata><Page imageFilename="0019_p019.jpg" imageHeight="3508" imageWidth="2479"><ReadingOrder><OrderedGroup caption="Regions reading order" id="ro_1738162591193"><RegionRefIndexed index="0" regionRef="r_2"/><RegionRefIndexed index="1" regionRef="r"/><RegionRefIndexed index="2" regionRef="r_4"/><RegionRefIndexed index="3" regionRef="tr_1"/></OrderedGroup></ReadingOrder><TextRegion custom="readingOrder {index:0;} structure {type:page-number;}" id="r_2"><Coords points="445,148 604,148 604,228 445,228"/><TextLine custom="readingOrder {index:0;}" id="tr_1_tl_2"><Coords points="442,212 464,214 488,234 508,225 553,221 553,125 524,125 513,120 493,138 471,132 455,120 442,120"/><Baseline points="453,203 479,203 505,203 531,203 558,203"/><TextEquiv><Unicode>30</Unicode></TextEquiv></TextLine><TextEquiv><Unicode/></TextEquiv></TextRegion><TextRegion custom="readingOrder {index:1;} structure {type:heading;}" id="r"><Coords points="1055,154 1671,154 1671,211 1055,211"/><TextLine custom="readingOrder {index:0;}" id="tr_1_tl_1"><Coords points="1086,227 1334,214 1407,239 1481,219 1528,250 1597,252 1599,103 1561,123 1519,100 1458,114 1347,83 1231,138 1088,107"/><Baseline points="1098,200 1123,197 1148,197 1173,197 1199,197 1224,195 1249,194 1274,196 1300,197 1325,197 1350,196 1375,194 1401,194 1426,194 1451,194 1476,194 1502,194 1527,194 1552,194 1577,195 1603,197"/><TextEquiv><Unicode>Reise um die Welt</Unicode></TextEquiv></TextLine><TextEquiv><Unicode/></TextEquiv></TextRegion><TextRegion custom="readingOrder {index:2;} structure {type:paragraph;}" id="r_4"><Coords points="428,239 2264,239 2264,2594 428,2594"/><TextLine custom="readingOrder {index:0;}" id="tr_1_tl_3"><Coords points="437,312 2230,321 2230,239 1951,214 1563,254 437,223"/><Baseline points="450,310 539,307 628,307 717,304 806,304 895,304 984,301 1074,304 1163,304 1252,304 1341,304 1430,304 1519,304 1608,304 1698,304 1787,304 1876,307 1965,307 2054,307 2143,307 2233,310"/><TextEquiv><Unicode>Lande gehöre, welches aller Geographen und voriger Seefahrer</Unicode></TextEquiv></TextLine><TextLine custom="readingOrder {index:1;}" id="tr_1_tl_4"><Coords points="446,388 2217,408 2217,332 2165,321 446,323"/><Baseline points="459,385 547,382 635,380 723,380 811,379 899,378 987,378 1075,379 1163,379 1251,379 1340,379 1428,376 1516,376 1604,376 1692,377 1780,382 1868,382 1956,382 2044,382 2132,382 2221,382"/><TextEquiv><Unicode>Aufmerksamkeit erregt hatte, oder ob es nur ein Theil einer In¬</Unicode></TextEquiv></TextLine><TextLine custom="readingOrder {index:2;}" id="tr_1_tl_5"><Coords points="455,491 1251,453 2221,488 2221,408 455,410"/><Baseline points="468,459 560,456 653,453 745,453 838,453 930,453 1023,450 1116,453 1208,453 1301,452 1393,453 1486,450 1578,450 1671,450 1764,452 1856,453 1949,453 2041,453 2134,453 2227,453"/><TextEquiv><Unicode>sel sei? Im ersten Falle sollte so viel als möglich von der</Unicode></TextEquiv></TextLine><TextLine custom="readingOrder {index:3;}" id="tr_1_tl_6"><Coords points="450,544 2221,542 2174,473 1746,457 450,497"/><Baseline points="462,528 550,525 638,525 726,525 815,525 903,525 991,524 1079,524 1168,527 1256,525 1344,528 1432,523 1521,524 1609,525 1697,525 1785,527 1874,528 1962,528 2050,527 2138,527 2227,528"/><TextEquiv><Unicode>Küste befahren und untersucht, zugleich auch Bemerkungen zum</Unicode></TextEquiv></TextLine><TextLine custom="readingOrder {index:4;}" id="tr_1_tl_7"><Coords points="446,611 2221,611 2221,540 446,553"/><Baseline points="459,597 547,597 635,597 724,597 812,597 901,597 989,597 1077,600 1166,598 1254,598 1343,596 1431,597 1519,597 1608,597 1696,597 1785,600 1873,599 1961,600 2050,600 2138,600 2227,600"/><TextEquiv><Unicode>Vortheil der Handlung, der Seefahrt und der Naturgeschichte</Unicode></TextEquiv></TextLine><TextLine custom="readingOrder {index:5;} person {offset:50; length:8; continued:true;wikiData:Q2671214;}" id="tr_1_tl_8"><Coords points="446,689 2219,691 2174,613 446,624"/><Baseline points="459,680 547,672 635,671 723,671 812,669 900,674 988,671 1076,668 1165,671 1253,670 1341,668 1429,668 1518,668 1606,671 1694,673 1782,671 1871,674 1959,674 2047,674 2135,671 2224,668"/><TextEquiv><Unicode>gemacht werden. Träfe man Einwohner an, so sollte Capitain</Unicode></TextEquiv></TextLine><TextLine custom="readingOrder {index:6;} person {offset:0; length:4; continued:true;wikiData:Q2671214;}" id="tr_1_tl_9"><Coords points="462,758 2221,763 2221,691 462,698"/><Baseline points="474,752 561,743 649,743 736,741 824,740 911,742 999,745 1086,746 1174,745 1261,744 1349,743 1436,743 1524,746 1611,740 1699,743 1786,743 1874,743 1961,746 2049,746 2136,743 2224,740"/><TextEquiv><Unicode>Cook ihren Charakter, Temperament, Genie und Anzahl be¬</Unicode></TextEquiv></TextLine><TextLine custom="readingOrder {index:7;}" id="tr_1_tl_10"><Coords points="442,838 2226,841 2185,763 442,774"/><Baseline points="453,821 541,820 630,821 719,817 808,815 897,815 986,816 1074,818 1163,818 1252,815 1341,818 1430,818 1519,815 1608,815 1696,818 1785,818 1874,818 1963,818 2052,818 2141,818 2230,818"/><TextEquiv><Unicode>merken, und wo möglich freundschaftlichen Umgang mit ihnen</Unicode></TextEquiv></TextLine><TextLine custom="readingOrder {index:8;}" id="tr_1_tl_11"><Coords points="453,912 2228,914 2199,838 453,852"/><Baseline points="465,895 553,892 641,889 730,889 818,889 907,892 995,889 1083,889 1172,889 1260,889 1349,887 1437,889 1525,889 1614,889 1702,891 1791,892 1879,894 1967,893 2056,890 2144,892 2233,895"/><TextEquiv><Unicode>zu haben suchen. So lange die Schiffe in gutem Stande, die</Unicode></TextEquiv></TextLine><TextLine custom="readingOrder {index:9;}" id="tr_1_tl_12"><Coords points="450,981 2221,986 2208,914 450,910"/><Baseline points="462,967 550,964 638,964 726,964 815,967 903,961 991,963 1079,964 1168,964 1256,963 1344,961 1432,964 1521,964 1609,962 1697,963 1785,964 1874,964 1962,967 2050,967 2138,965 2227,967"/><TextEquiv><Unicode>Leute gesund, und die Lebensmittel brauchbar blieben, sollte er</Unicode></TextEquiv></TextLine><TextLine custom="readingOrder {index:10;}" id="tr_1_tl_13"><Coords points="446,1044 2221,1055 2221,988 2121,979 446,972"/><Baseline points="459,1038 547,1038 635,1035 724,1035 812,1035 901,1035 989,1035 1077,1038 1166,1040 1254,1038 1343,1035 1431,1037 1519,1038 1608,1038 1696,1038 1785,1038 1873,1038 1961,1038 2050,1038 2138,1037 2227,1038"/><TextEquiv><Unicode>diese Entdeckungen fortsetzen, und, je nachdem es die Umstände</Unicode></TextEquiv></TextLine><TextLine custom="readingOrder {index:11;}" id="tr_1_tl_14"><Coords points="446,1126 2228,1126 2208,1055 446,1064"/><Baseline points="459,1113 547,1110 636,1110 724,1110 813,1108 901,1111 990,1110 1078,1112 1167,1111 1255,1112 1344,1110 1433,1110 1521,1110 1610,1113 1698,1110 1787,1113 1875,1110 1964,1113 2052,1113 2141,1110 2230,1110"/><TextEquiv><Unicode>erforderten, nach Osten oder Westen laufen, dabei aber so weit</Unicode></TextEquiv></TextLine><TextLine custom="readingOrder {index:12;}" id="tr_1_tl_15"><Coords points="455,1211 2221,1202 2221,1131 2116,1124 455,1124"/><Baseline points="468,1194 560,1185 653,1185 745,1185 838,1182 930,1182 1023,1185 1116,1184 1208,1185 1301,1185 1393,1184 1486,1183 1578,1182 1671,1185 1764,1185 1856,1185 1949,1185 2041,1185 2134,1185 2227,1188"/><TextEquiv><Unicode>gegen den Südpol als nur immer möglich zu dringen suchen.</Unicode></TextEquiv></TextLine><TextLine custom="readingOrder {index:13;}" id="tr_1_tl_16"><Coords points="453,1284 2219,1278 2219,1204 2101,1193 453,1202"/><Baseline points="465,1256 557,1253 650,1253 742,1256 835,1256 927,1253 1020,1256 1113,1256 1205,1256 1298,1256 1390,1256 1483,1255 1575,1256 1668,1256 1761,1256 1853,1256 1946,1256 2038,1259 2131,1258 2224,1256"/><TextEquiv><Unicode>Wäre aber das Vorgebirge de la Circoncision nur ein Theil</Unicode></TextEquiv></TextLine><TextLine custom="readingOrder {index:14;}" id="tr_1_tl_17"><Coords points="453,1347 2219,1358 2219,1278 2123,1269 453,1287"/><Baseline points="465,1331 557,1331 650,1331 742,1331 835,1331 927,1328 1020,1331 1113,1331 1205,1331 1298,1330 1390,1329 1483,1331 1575,1330 1668,1332 1761,1331 1853,1333 1946,1331 2038,1331 2131,1328 2224,1325"/><TextEquiv><Unicode>einer Insel, oder könnte er es gar nicht antreffen, so blieb ihm</Unicode></TextEquiv></TextLine><TextLine custom="readingOrder {index:15;}" id="tr_1_tl_18"><Coords points="450,1418 2226,1412 2226,1367 2107,1334 450,1349"/><Baseline points="462,1406 550,1403 638,1406 727,1406 815,1406 904,1406 992,1403 1080,1403 1169,1403 1257,1403 1346,1403 1434,1403 1522,1403 1611,1403 1699,1403 1788,1405 1876,1403 1964,1403 2053,1402 2141,1403 2230,1406"/><TextEquiv><Unicode>übrig so lange als er noch Hoffnung hätte ein großes oder fe¬</Unicode></TextEquiv></TextLine><TextLine custom="readingOrder {index:16;}" id="tr_1_tl_19"><Coords points="450,1487 2232,1514 2210,1416 450,1416"/><Baseline points="462,1483 550,1477 639,1477 728,1475 816,1476 905,1476 994,1475 1082,1476 1171,1473 1260,1474 1349,1474 1437,1474 1526,1474 1615,1474 1703,1474 1792,1471 1881,1474 1969,1474 2058,1474 2147,1474 2236,1477"/><TextEquiv><Unicode>stes Land zu finden, südwärts zu steuern, alsdann aber seinen</Unicode></TextEquiv></TextLine><TextLine custom="readingOrder {index:17;}" id="tr_1_tl_20"><Coords points="446,1559 2217,1570 2192,1494 2043,1485 446,1492"/><Baseline points="459,1549 547,1549 635,1549 723,1549 811,1549 899,1547 987,1548 1075,1547 1163,1546 1251,1546 1340,1546 1428,1546 1516,1547 1604,1546 1692,1546 1780,1546 1868,1546 1956,1548 2044,1547 2132,1547 2221,1552"/><TextEquiv><Unicode>Lauf nach Osten zu richten, und in hohen südlichen Breiten,</Unicode></TextEquiv></TextLine><TextLine custom="readingOrder {index:18;}" id="tr_1_tl_21"><Coords points="453,1655 2214,1648 2214,1570 2152,1561 453,1561"/><Baseline points="465,1630 552,1621 640,1621 728,1622 816,1621 904,1621 991,1619 1079,1619 1167,1618 1255,1618 1343,1619 1430,1621 1518,1620 1606,1618 1694,1618 1782,1620 1869,1618 1957,1621 2045,1621 2133,1621 2221,1621"/><TextEquiv><Unicode>so nah an den Pol als thunlich sein würde, rund um die Welt</Unicode></TextEquiv></TextLine><TextLine custom="readingOrder {index:19;}" id="tr_1_tl_22"><Coords points="453,1730 2234,1719 2234,1652 453,1657"/><Baseline points="465,1704 553,1695 642,1695 731,1695 819,1695 908,1694 997,1692 1085,1692 1174,1692 1263,1689 1352,1694 1440,1695 1529,1695 1618,1692 1706,1692 1795,1692 1884,1695 1972,1695 2061,1695 2150,1692 2239,1695"/><TextEquiv><Unicode>zu segeln, zuletzt am Vorgebirge der guten Hoffnung wieder zu</Unicode></TextEquiv></TextLine><TextLine custom="readingOrder {index:20;} place {offset:25; length:8;wikiData:Q1783560;} place {offset:38; length:10;wikiData:Q72259;}" id="tr_1_tl_23"><Coords points="450,1784 2221,1784 2221,1717 450,1730"/><Baseline points="462,1770 550,1767 638,1765 726,1764 815,1766 903,1765 991,1764 1079,1767 1168,1766 1256,1767 1344,1764 1432,1767 1521,1767 1609,1767 1697,1765 1785,1764 1874,1764 1962,1767 2050,1770 2138,1770 2227,1767"/><TextEquiv><Unicode>ankern und von dort nach Spithead bei Portsmouth zurückzu¬</Unicode></TextEquiv></TextLine><TextLine custom="readingOrder {index:21;}" id="tr_1_tl_24"><Coords points="450,1862 2221,1853 2194,1782 450,1786"/><Baseline points="462,1842 550,1839 638,1841 726,1837 814,1836 902,1836 990,1837 1078,1842 1166,1840 1254,1841 1343,1839 1431,1839 1519,1840 1607,1839 1695,1839 1783,1839 1871,1842 1959,1842 2047,1842 2135,1839 2224,1836"/><TextEquiv><Unicode>kehren. So oft die Jahreszeit den ferneren Aufenthalt in ho¬</Unicode></TextEquiv></TextLine><TextLine custom="readingOrder {index:22;}" id="tr_1_tl_25"><Coords points="446,1938 2221,1940 2221,1851 446,1862"/><Baseline points="459,1913 547,1912 635,1907 724,1910 812,1913 901,1912 989,1911 1077,1913 1166,1913 1254,1913 1343,1913 1431,1913 1519,1913 1608,1913 1696,1913 1785,1913 1873,1913 1961,1913 2050,1913 2138,1913 2227,1910"/><TextEquiv><Unicode>hen Breiten gefährlich machen würde, sollte er sich nach irgend</Unicode></TextEquiv></TextLine><TextLine custom="readingOrder {index:23;}" id="tr_1_tl_26"><Coords points="444,1991 2219,2007 2174,1929 444,1933"/><Baseline points="456,1985 544,1985 632,1982 721,1982 809,1983 898,1985 986,1983 1074,1983 1163,1986 1251,1986 1340,1986 1428,1985 1516,1985 1605,1987 1693,1985 1782,1985 1870,1985 1958,1985 2047,1988 2135,1985 2224,1982"/><TextEquiv><Unicode>einem bekannten Orte weiter gegen Norden, unter mildern Him¬</Unicode></TextEquiv></TextLine><TextLine custom="readingOrder {index:24;}" id="tr_1_tl_27"><Coords points="444,2083 2221,2076 2194,2003 1135,2032 444,1989"/><Baseline points="456,2060 544,2059 633,2057 721,2058 810,2060 898,2057 987,2057 1075,2058 1164,2057 1252,2060 1341,2060 1430,2060 1518,2060 1607,2060 1695,2057 1784,2060 1872,2057 1961,2060 2049,2060 2138,2060 2227,2057"/><TextEquiv><Unicode>melsstrichen, zurückziehen, um seine Leute zu erfrischen, und die</Unicode></TextEquiv></TextLine><TextLine custom="readingOrder {index:25;}" id="tr_1_tl_28"><Coords points="459,2136 2221,2156 2221,2074 459,2076"/><Baseline points="471,2128 558,2125 646,2125 734,2128 822,2128 910,2128 997,2130 1085,2129 1173,2131 1261,2132 1349,2133 1436,2134 1524,2134 1612,2133 1700,2131 1788,2131 1875,2134 1963,2131 2051,2133 2139,2132 2227,2134"/><TextEquiv><Unicode>Schiffe wieder in Stand zu setzen. In allen Fällen, welche</Unicode></TextEquiv></TextLine><TextLine custom="readingOrder {index:26;}" id="tr_1_tl_29"><Coords points="442,2223 2226,2223 2226,2156 442,2165"/><Baseline points="453,2203 541,2203 630,2200 719,2202 808,2201 897,2203 986,2204 1074,2203 1163,2203 1252,2203 1341,2203 1430,2203 1519,2206 1608,2203 1696,2206 1785,2206 1874,2206 1963,2206 2052,2203 2141,2203 2230,2200"/><TextEquiv><Unicode>man nicht vorhergesehn, könne er übrigens nach eignem Gut¬</Unicode></TextEquiv></TextLine><TextLine custom="readingOrder {index:27;} vessel {offset:52; length:10;}" id="tr_1_tl_30"><Coords points="455,2290 2237,2301 2237,2217 455,2221"/><Baseline points="468,2277 556,2274 645,2274 733,2274 822,2271 910,2274 999,2274 1087,2277 1176,2277 1264,2274 1353,2277 1442,2276 1530,2274 1619,2275 1707,2274 1796,2277 1884,2277 1973,2277 2061,2277 2150,2277 2239,2280"/><TextEquiv><Unicode>dünken verfahren, und ginge unglücklicher Weise die Resolution</Unicode></TextEquiv></TextLine><TextLine custom="readingOrder {index:28;}" id="tr_1_tl_31"><Coords points="450,2368 2226,2359 2226,2301 450,2306"/><Baseline points="462,2349 550,2349 638,2346 727,2349 815,2346 904,2346 992,2348 1080,2349 1169,2349 1257,2349 1346,2349 1434,2351 1522,2349 1611,2349 1699,2349 1788,2349 1876,2351 1964,2349 2053,2352 2141,2351 2230,2349"/><TextEquiv><Unicode>verloren, so sollte er dennoch die Fahrt im kleinern Schiffe fort¬</Unicode></TextEquiv></TextLine><TextLine custom="readingOrder {index:29;} person {offset:53; length:8; continued:true;wikiData:Q100293049;}" id="tr_1_tl_32"><Coords points="459,2442 2221,2442 2221,2373 2154,2359 459,2373"/><Baseline points="471,2424 558,2421 646,2424 734,2418 822,2421 910,2420 997,2421 1085,2421 1173,2421 1261,2423 1349,2424 1436,2422 1524,2424 1612,2421 1700,2424 1788,2424 1875,2424 1963,2425 2051,2426 2139,2424 2227,2424"/><TextEquiv><Unicode>setzen. Eine Abschrift dieser Befehle theilte er dem Capitain</Unicode></TextEquiv></TextLine><TextLine custom="readingOrder {index:30;} person {offset:0; length:8; continued:true;wikiData:Q100293049;}" id="tr_1_tl_33"><Coords points="450,2509 2232,2551 2232,2453 2159,2435 450,2444"/><Baseline points="462,2492 550,2495 639,2495 728,2495 816,2492 905,2495 994,2495 1082,2498 1171,2497 1260,2498 1349,2498 1437,2501 1526,2498 1615,2496 1703,2498 1792,2498 1881,2501 1969,2501 2058,2502 2147,2500 2236,2501"/><TextEquiv><Unicode>Furneaux mit, und zeigte ihm zugleich die Sammelplätze, im</Unicode></TextEquiv></TextLine><TextLine custom="readingOrder {index:31;}" id="tr_1_tl_34"><Coords points="446,2587 624,2609 660,2582 767,2605 825,2578 1102,2600 1102,2520 794,2527 745,2502 642,2527 553,2504 446,2520"/><Baseline points="459,2573 491,2573 523,2573 555,2571 588,2569 620,2568 652,2570 684,2568 717,2567 749,2567 781,2567 813,2567 846,2567 878,2567 910,2567 942,2567 975,2567 1007,2567 1039,2569 1071,2570 1104,2570"/><TextEquiv><Unicode>Fall der Trennung an."</Unicode></TextEquiv></TextLine><TextEquiv><Unicode/></TextEquiv></TextRegion><TextRegion custom="readingOrder {index:3;} structure {type:paragraph;}" id="tr_1" orientation="0.0"><Coords points="456,2600 450,3173 2245,3173 2239,2572"/><TextLine custom="readingOrder {index:0;} vessel {offset:40; length:12;}" id="tr_1_tl_35"><Coords points="591,2656 2228,2667 2228,2551 1947,2607 1813,2540 1215,2531 1088,2600 591,2598"/><Baseline points="603,2651 684,2644 766,2642 847,2642 929,2642 1010,2642 1092,2642 1173,2642 1255,2641 1336,2639 1418,2642 1499,2641 1581,2640 1662,2645 1744,2645 1825,2642 1907,2642 1988,2644 2070,2644 2151,2644 2233,2645"/><TextEquiv><Unicode>„Die Sternkundigen aus beiden Schiffen, Herren Wales</Unicode></TextEquiv></TextLine><TextLine custom="readingOrder {index:1;} vessel {offset:4; length:6;} place {offset:42; length:8;wikiData:Q23148;}" id="tr_1_tl_36"><Coords points="448,2743 2230,2741 2228,2669 2150,2658 446,2660"/><Baseline points="459,2713 547,2710 636,2713 725,2710 813,2713 902,2713 991,2713 1079,2713 1168,2713 1257,2713 1346,2711 1434,2715 1523,2715 1612,2715 1700,2716 1789,2714 1878,2713 1966,2715 2055,2716 2144,2716 2233,2719"/><TextEquiv><Unicode>und Baylay, machten, während daß wir nach Cornwall gereiset</Unicode></TextEquiv></TextLine><TextLine custom="readingOrder {index:2;} place {offset:52; length:7; continued:true;wikiData:Q23442;}" id="tr_1_tl_37"><Coords points="453,2794 2234,2799 2234,2741 2143,2727 453,2743"/><Baseline points="465,2788 553,2785 642,2788 731,2785 819,2785 908,2785 997,2788 1085,2785 1174,2788 1263,2785 1352,2785 1440,2785 1529,2788 1618,2787 1706,2788 1795,2787 1884,2786 1972,2786 2061,2788 2150,2785 2239,2788"/><TextEquiv><Unicode>waren, ihre Beobachtungen auf einem kleinen Eiland (Drake's</Unicode></TextEquiv></TextLine><TextLine custom="readingOrder {index:3;} place {offset:0; length:6; continued:true;wikiData:Q23442;} place {offset:21; length:8;wikiData:Q43382;}" id="tr_1_tl_38"><Coords points="455,2901 1037,2859 1505,2917 1695,2866 2221,2886 2221,2803 2074,2790 1086,2796 1037,2841 455,2792"/><Baseline points="468,2860 560,2857 653,2857 745,2857 838,2860 930,2857 1023,2860 1116,2858 1208,2860 1301,2860 1393,2858 1486,2863 1578,2863 1671,2863 1764,2863 1856,2860 1949,2860 2041,2860 2134,2860 2227,2857"/><TextEquiv><Unicode>Island) im Hafen von Plymouth. Die Länge dieses Orts</Unicode></TextEquiv></TextLine><TextLine custom="readingOrder {index:4;}" id="tr_1_tl_39"><Coords points="450,2959 2228,2961 2228,2897 2150,2870 450,2897"/><Baseline points="462,2934 550,2931 639,2931 727,2931 816,2931 904,2931 993,2931 1081,2931 1170,2931 1258,2931 1347,2932 1436,2934 1524,2934 1613,2934 1701,2934 1790,2934 1878,2934 1967,2934 2055,2934 2144,2934 2233,2931"/><TextEquiv><Unicode>mußte astronomisch bestimmt werden, weil man hier die Län¬</Unicode></TextEquiv></TextLine><TextLine custom="readingOrder {index:5;}" id="tr_1_tl_40"><Coords points="450,3044 575,3006 986,3055 1041,3017 2226,3031 2181,2944 450,2959"/><Baseline points="462,3015 550,3006 638,3005 727,3003 815,3006 904,3006 992,3006 1080,3006 1169,3006 1257,3006 1346,3006 1434,3007 1522,3009 1611,3009 1699,3009 1788,3009 1876,3006 1964,3006 2053,3009 2141,3012 2230,3009"/><TextEquiv><Unicode>gen- Uhren in Gang bringen sollte, welche diese Herren mit sich</Unicode></TextEquiv></TextLine><TextLine custom="readingOrder {index:6;}" id="tr_1_tl_41"><Coords points="455,3104 2239,3102 2239,3033 1039,3017 968,3064 566,3008 455,3048"/><Baseline points="468,3081 556,3078 645,3078 734,3078 823,3077 912,3079 1001,3080 1089,3078 1178,3078 1267,3078 1356,3081 1445,3081 1534,3081 1623,3081 1711,3081 1800,3081 1889,3081 1978,3084 2067,3084 2156,3081 2245,3075"/><TextEquiv><Unicode>am Bord hatten. Herr Arnold hatte deren drei verfertigt, wo¬</Unicode></TextEquiv></TextLine><TextLine custom="readingOrder {index:7;}" id="tr_1_tl_42"><Coords points="446,3180 2221,3178 2194,3097 446,3106"/><Baseline points="459,3146 547,3149 635,3155 724,3152 812,3152 901,3152 989,3152 1077,3152 1166,3152 1254,3152 1343,3152 1431,3152 1519,3154 1608,3157 1696,3156 1785,3156 1873,3155 1961,3154 2050,3155 2138,3155 2227,3155"/><TextEquiv><Unicode>von zwei in der Adventure bleiben sollten. Die dritte mit noch</Unicode></TextEquiv></TextLine><TextEquiv><Unicode/></TextEquiv></TextRegion></Page></PcGts>