<?xml version="1.0" encoding="UTF-8"?><PcGts xmlns="http://schema.primaresearch.org/PAGE/gts/pagecontent/2019-07-15" xmlns:xsi="http://www.w3.org/2001/XMLSchema-instance" xsi:schemaLocation="http://schema.primaresearch.org/PAGE/gts/pagecontent/2019-07-15 http://schema.primaresearch.org/PAGE/gts/pagecontent/2019-07-15/pagecontent.xsd"><Metadata><Creator>prov=READ-COOP:name=TrHtr:version=2.19.0:model_id=51170:date=26_11_2024_23:50</Creator><Created>2024-11-26T20:56:02</Created><LastChange>2025-01-15T14:17:15</LastChange><Comments/></Metadata><Page imageFilename="0020_p020.jpg" imageHeight="3508" imageWidth="2479"><ReadingOrder><OrderedGroup caption="Regions reading order" id="ro_1738162591670"><RegionRefIndexed index="0" regionRef="r_2"/><RegionRefIndexed index="1" regionRef="r_7"/><RegionRefIndexed index="2" regionRef="r_3"/><RegionRefIndexed index="3" regionRef="r_6"/></OrderedGroup></ReadingOrder><TextRegion custom="readingOrder {index:0;} structure {type:heading;}" id="r_2"><Coords points="755,97 1677,97 1677,180 755,180"/><TextLine custom="readingOrder {index:0;} structure {type:heading;} year {offset:14; length:4;} year {offset:23; length:4;}" id="tr_1_tl_1"><Coords points="790,206 953,213 1018,181 1140,215 1233,174 1351,190 1437,165 1518,215 1581,199 1581,79 1559,75 1344,59 1251,95 964,66 900,106 790,75"/><Baseline points="803,161 842,161 881,159 920,160 960,159 999,159 1038,161 1077,161 1117,158 1156,158 1195,156 1234,157 1274,158 1313,157 1352,156 1391,158 1431,158 1470,158 1509,158 1548,158 1588,164"/><TextEquiv><Unicode>in den Jahren 1772 bis 1775.</Unicode></TextEquiv></TextLine><TextEquiv><Unicode/></TextEquiv></TextRegion><TextRegion custom="readingOrder {index:1;} structure {type:page-number;}" id="r_7"><Coords points="1979,65 2119,65 2119,190 1979,190"/><TextLine custom="readingOrder {index:0;}" id="l_96"><Coords points="1977,182 2105,182 2117,66 1985,66 1977,167 1977,174 2007,174 2007,168 2012,95 2086,94 2079,154 1977,152"/><Baseline points="1977,182 2105,182 2117,66 1985,66 1977,167 1977,174"/><TextEquiv><Unicode>31</Unicode></TextEquiv></TextLine><TextEquiv><Unicode/></TextEquiv></TextRegion><TextRegion custom="readingOrder {index:2;} structure {type:paragraph;}" id="r_3"><Coords points="219,185 2105,185 2105,2861 219,2861"/><TextLine custom="readingOrder {index:0;}" id="tr_1_tl_3"><Coords points="276,283 2075,299 2075,229 1878,186 769,231 577,163 276,219"/><Baseline points="289,271 378,268 468,268 557,265 647,268 736,265 826,268 915,268 1005,268 1094,268 1184,268 1274,268 1363,271 1453,271 1542,271 1632,271 1721,271 1811,271 1900,271 1990,274 2080,268"/><TextEquiv><Unicode>einer andern, die Herr Kendal nach der Harrisonschen Uhr genau</Unicode></TextEquiv></TextLine><TextLine custom="readingOrder {index:1;}" id="tr_1_tl_4"><Coords points="276,373 2077,364 2077,296 1787,278 276,283"/><Baseline points="289,343 378,343 468,343 558,343 647,343 737,343 827,346 916,343 1006,343 1096,343 1186,346 1275,346 1365,346 1455,346 1544,349 1634,346 1724,346 1813,346 1903,349 1993,346 2083,346"/><TextEquiv><Unicode>nachgemacht hatte, kam auf das andre Schiff. Alle insgesammt</Unicode></TextEquiv></TextLine><TextLine custom="readingOrder {index:2;} date {offset:10; length:10;}" id="tr_1_tl_5"><Coords points="276,441 2077,457 2077,369 2018,355 276,385"/><Baseline points="289,417 378,417 468,417 558,417 647,417 737,414 827,417 916,417 1006,417 1096,417 1186,420 1275,420 1365,420 1455,417 1544,420 1634,420 1724,417 1813,420 1903,420 1993,420 2083,417"/><TextEquiv><Unicode>wurden am 10. Julius in Gang gesetzt, und in viereckigen höl-</Unicode></TextEquiv></TextLine><TextLine custom="readingOrder {index:3;}" id="tr_1_tl_6"><Coords points="281,520 2072,518 2072,457 1946,432 1262,477 1167,430 281,450"/><Baseline points="292,489 381,492 470,492 559,492 649,492 738,492 827,489 916,489 1006,492 1095,492 1184,492 1273,492 1363,492 1452,492 1541,492 1630,492 1720,495 1809,492 1898,492 1987,492 2077,489"/><TextEquiv><Unicode>zernen Kasten aufbewahrt. Den genausten Berechnungen zu¬</Unicode></TextEquiv></TextLine><TextLine custom="readingOrder {index:4;} place {offset:39; length:9;wikiData:Q693450;}" id="tr_1_tl_7"><Coords points="290,586 2077,593 2077,518 1971,505 290,518"/><Baseline points="301,567 390,564 479,566 568,564 657,564 746,564 835,564 924,564 1013,564 1102,561 1192,564 1281,564 1370,564 1459,564 1548,564 1637,567 1726,564 1815,567 1904,567 1993,567 2083,564"/><TextEquiv><Unicode>folge ist die königliche Sternwarte in Greenwich, welche wir hier</Unicode></TextEquiv></TextLine><TextLine custom="readingOrder {index:5;}" id="tr_1_tl_8"><Coords points="276,658 2075,656 2075,586 276,593"/><Baseline points="289,635 378,635 468,635 557,635 647,638 736,638 826,638 915,638 1005,635 1094,638 1184,638 1274,638 1363,638 1453,638 1542,638 1632,641 1721,641 1811,638 1900,638 1990,641 2080,638"/><TextEquiv><Unicode>beständig als die erste Mittagslinie annehmen werden, von dem</Unicode></TextEquiv></TextLine><TextLine custom="readingOrder {index:6;} coords {offset:33; length:16;}" id="tr_1_tl_9"><Coords points="276,733 1971,724 1939,649 276,663"/><Baseline points="289,713 373,710 457,710 542,710 626,710 710,710 795,710 879,711 963,710 1048,710 1132,713 1216,710 1301,710 1385,710 1469,712 1554,710 1638,713 1722,712 1807,713 1891,710 1976,710"/><TextEquiv><Unicode>kleinen Eiland in Hymouth-Hafen, 4°- 20´ ostwärts entfernt'</Unicode></TextEquiv></TextLine><TextLine custom="readingOrder {index:7;}" id="tr_1_tl_10"><Coords points="441,805 2084,803 2084,733 1993,726 441,733"/><Baseline points="453,785 534,783 616,784 698,785 780,784 862,785 943,785 1025,786 1107,787 1189,788 1271,787 1352,788 1434,788 1516,788 1598,788 1680,788 1761,789 1843,788 1925,788 2007,787 2089,788"/><TextEquiv><Unicode>Sonnabend den 11. begaben wir uns an Bord, um mit</Unicode></TextEquiv></TextLine><TextLine custom="readingOrder {index:8;}" id="tr_1_tl_11"><Coords points="274,873 2088,871 2088,819 1957,794 274,812"/><Baseline points="286,856 376,859 466,859 557,862 647,859 738,859 828,859 919,859 1009,859 1100,859 1190,859 1280,859 1371,860 1461,862 1552,861 1642,862 1733,862 1823,860 1914,862 2004,862 2095,859"/><TextEquiv><Unicode>dem ersten günstigen Winde abzusegeln. Am folgenden Tage</Unicode></TextEquiv></TextLine><TextLine custom="readingOrder {index:9;}" id="tr_1_tl_12"><Coords points="283,946 2075,939 2075,882 283,885"/><Baseline points="295,931 384,934 473,934 562,931 652,931 741,931 830,934 919,934 1009,934 1098,937 1187,934 1276,934 1366,934 1455,934 1544,934 1633,934 1723,934 1812,934 1901,934 1990,934 2080,928"/><TextEquiv><Unicode>aber, da der Wind ziemlich heftig blies und mein Vater zu¬</Unicode></TextEquiv></TextLine><TextLine custom="readingOrder {index:10;}" id="tr_1_tl_13"><Coords points="290,1041 2077,1020 2077,941 290,950"/><Baseline points="301,1009 390,1006 479,1006 568,1006 657,1006 746,1006 835,1006 924,1006 1013,1006 1102,1006 1192,1006 1281,1009 1370,1009 1459,1009 1548,1009 1637,1009 1726,1006 1815,1006 1904,1006 1993,1006 2083,1006"/><TextEquiv><Unicode>fälliger Weise auf dem Verdeck herumging, bemerkte derselbe nicht</Unicode></TextEquiv></TextLine><TextLine custom="readingOrder {index:11;}" id="tr_1_tl_14"><Coords points="274,1093 2075,1104 2075,1020 274,1045"/><Baseline points="286,1080 375,1080 465,1080 555,1077 644,1080 734,1077 824,1080 913,1080 1003,1080 1093,1080 1183,1080 1272,1080 1362,1080 1452,1083 1541,1083 1631,1077 1721,1080 1810,1080 1900,1080 1990,1080 2080,1074"/><TextEquiv><Unicode>nur eine Aenderung in der gewöhnlichen Lage unseres Schiffs</Unicode></TextEquiv></TextLine><TextLine custom="readingOrder {index:12;} vessel {offset:10; length:9;}" id="tr_1_tl_15"><Coords points="290,1172 1772,1197 2077,1161 2077,1104 290,1118"/><Baseline points="301,1158 390,1152 479,1152 568,1152 657,1152 746,1152 835,1152 924,1155 1013,1155 1102,1155 1192,1152 1281,1152 1370,1158 1459,1158 1548,1158 1637,1155 1726,1155 1815,1152 1904,1155 1993,1152 2083,1149"/><TextEquiv><Unicode>gegen die Adventure und ein anderes Schiff, welche beide vor</Unicode></TextEquiv></TextLine><TextLine custom="readingOrder {index:13;}" id="tr_1_tl_16"><Coords points="292,1233 2077,1256 2077,1163 292,1172"/><Baseline points="304,1230 397,1227 491,1227 584,1227 678,1228 772,1227 865,1227 959,1227 1053,1229 1146,1230 1240,1227 1333,1227 1427,1230 1521,1232 1614,1230 1708,1230 1802,1228 1895,1229 1989,1227 2083,1230"/><TextEquiv><Unicode>Anker lagen, sondern ihn dünte auch, als wenn es auf die</Unicode></TextEquiv></TextLine><TextLine custom="readingOrder {index:14;}" id="tr_1_tl_17"><Coords points="281,1337 2077,1324 2077,1249 281,1251"/><Baseline points="292,1301 381,1301 470,1301 560,1301 649,1301 739,1301 828,1301 917,1301 1007,1301 1096,1304 1186,1304 1275,1301 1364,1301 1454,1304 1543,1304 1633,1301 1722,1301 1811,1301 1901,1301 1990,1301 2080,1298"/><TextEquiv><Unicode>Klippen unter der Festung zutriebe. Er äußerte diese Vermu¬</Unicode></TextEquiv></TextLine><TextLine custom="readingOrder {index:15;}" id="tr_1_tl_18"><Coords points="276,1396 2075,1405 2075,1324 1966,1315 276,1319"/><Baseline points="289,1376 378,1376 468,1376 557,1376 647,1373 736,1373 826,1373 915,1373 1005,1373 1094,1373 1184,1373 1274,1373 1363,1373 1453,1373 1542,1376 1632,1376 1721,1376 1811,1373 1900,1376 1990,1373 2080,1370"/><TextEquiv><Unicode>thung dem Lootsen (Master) Herrn Gilbert, der sich auch auf</Unicode></TextEquiv></TextLine><TextLine custom="readingOrder {index:16;}" id="tr_1_tl_19"><Coords points="276,1475 2084,1466 2084,1398 1891,1382 276,1398"/><Baseline points="289,1447 379,1447 469,1447 559,1447 649,1447 739,1447 829,1447 919,1447 1009,1447 1099,1450 1189,1450 1279,1450 1369,1447 1459,1450 1549,1450 1639,1447 1729,1447 1819,1447 1909,1447 1999,1447 2089,1444"/><TextEquiv><Unicode>dem Verdeck befand und sogleich gewahr ward, daß die Kette</Unicode></TextEquiv></TextLine><TextLine custom="readingOrder {index:17;}" id="tr_1_tl_20"><Coords points="276,1523 2077,1545 2077,1471 1808,1455 276,1475"/><Baseline points="289,1522 378,1522 468,1519 558,1519 647,1522 737,1522 827,1522 916,1522 1006,1522 1096,1519 1186,1522 1275,1522 1365,1525 1455,1522 1544,1522 1634,1519 1724,1519 1813,1522 1903,1519 1993,1519 2083,1519"/><TextEquiv><Unicode>eines der beständigen Boys, woran man das Schiff befestigt</Unicode></TextEquiv></TextLine><TextLine custom="readingOrder {index:18;}" id="tr_1_tl_21"><Coords points="283,1615 2084,1606 2084,1545 2002,1536 283,1532"/><Baseline points="295,1600 384,1594 474,1597 564,1594 653,1597 743,1597 833,1600 922,1597 1012,1597 1102,1597 1192,1597 1281,1597 1371,1597 1461,1594 1550,1594 1640,1597 1730,1594 1819,1594 1909,1594 1999,1594 2089,1594"/><TextEquiv><Unicode>hatte, gebrochen sei. Zur Fortarbeitung eines Schiffs, wozu diese</Unicode></TextEquiv></TextLine><TextLine custom="readingOrder {index:19;} place {offset:8; length:8;wikiData:Q43382;}" id="tr_1_tl_22"><Coords points="281,1686 2072,1695 2072,1615 2027,1609 281,1615"/><Baseline points="292,1668 381,1668 470,1671 559,1668 649,1671 738,1668 827,1671 916,1671 1006,1668 1095,1668 1184,1668 1273,1671 1363,1671 1452,1668 1541,1668 1630,1668 1720,1671 1809,1671 1898,1668 1987,1671 2077,1668"/><TextEquiv><Unicode>Boys zu Plymouth gebraucht werden, möchte sie stark genug ge¬</Unicode></TextEquiv></TextLine><TextLine custom="readingOrder {index:20;}" id="tr_1_tl_23"><Coords points="274,1781 2075,1765 2075,1695 272,1670"/><Baseline points="286,1743 375,1743 465,1743 555,1743 644,1743 734,1743 824,1743 913,1743 1003,1743 1093,1743 1183,1746 1272,1746 1362,1743 1452,1743 1541,1743 1631,1746 1721,1746 1810,1743 1900,1743 1990,1743 2080,1746"/><TextEquiv><Unicode>wesen sein; aber der beständigen und mannigfaltigen Bewegung</Unicode></TextEquiv></TextLine><TextLine custom="readingOrder {index:21;}" id="tr_1_tl_24"><Coords points="276,1842 2072,1835 2072,1765 276,1781"/><Baseline points="289,1818 378,1818 467,1815 557,1818 646,1818 736,1818 825,1815 914,1818 1004,1818 1093,1818 1183,1815 1272,1818 1361,1821 1451,1818 1540,1818 1630,1815 1719,1818 1808,1818 1898,1818 1987,1815 2077,1812"/><TextEquiv><Unicode>eines schwergeladenen Schiffs konnte sie nicht widerstehn; und</Unicode></TextEquiv></TextLine><TextLine custom="readingOrder {index:22;}" id="tr_1_tl_25"><Coords points="283,1912 2075,1914 2075,1833 283,1842"/><Baseline points="295,1889 384,1889 473,1889 562,1889 652,1889 741,1889 830,1889 919,1895 1009,1892 1098,1889 1187,1889 1276,1889 1366,1889 1455,1889 1544,1889 1633,1889 1723,1886 1812,1886 1901,1889 1990,1886 2080,1880"/><TextEquiv><Unicode>also hätte man auch, meines Erachtens, kein solches Schiff</Unicode></TextEquiv></TextLine><TextLine custom="readingOrder {index:23;}" id="tr_1_tl_26"><Coords points="281,1975 2079,1977 2079,1916 1921,1891 281,1912"/><Baseline points="292,1964 381,1961 471,1961 561,1964 650,1967 740,1964 830,1964 919,1964 1009,1964 1099,1964 1189,1964 1278,1964 1368,1964 1458,1961 1547,1961 1637,1961 1727,1961 1816,1961 1906,1964 1996,1961 2086,1958"/><TextEquiv><Unicode>daran legen sollen. Gleich auf den ersten Lärm waren alle Ma¬</Unicode></TextEquiv></TextLine><TextLine custom="readingOrder {index:24;}" id="tr_1_tl_27"><Coords points="274,2077 2084,2050 2066,1977 274,1973"/><Baseline points="286,2036 376,2036 466,2036 556,2036 646,2036 736,2036 826,2036 917,2039 1007,2037 1097,2039 1187,2036 1277,2036 1367,2036 1457,2036 1548,2036 1638,2033 1728,2036 1818,2036 1908,2033 1998,2033 2089,2030"/><TextEquiv><Unicode>trosen in Bewegung; die Segel wurden aufgespannt, und die</Unicode></TextEquiv></TextLine><TextLine custom="readingOrder {index:25;} vessel {offset:50; length:9;}" id="tr_1_tl_28"><Coords points="283,2136 2079,2122 2061,2052 283,2063"/><Baseline points="295,2113 384,2110 473,2110 563,2113 652,2110 742,2110 831,2113 920,2113 1010,2113 1099,2113 1189,2110 1278,2110 1367,2107 1457,2110 1546,2107 1636,2107 1725,2107 1814,2107 1904,2107 1993,2104 2083,2104"/><TextEquiv><Unicode>Kabel in Bereitschaft gesetzt: nun liefen wir die Adventure und</Unicode></TextEquiv></TextLine><TextLine custom="readingOrder {index:26;}" id="tr_1_tl_29"><Coords points="283,2201 2093,2206 2093,2131 1957,2109 283,2136"/><Baseline points="295,2188 385,2188 475,2185 565,2185 655,2187 745,2185 835,2188 926,2185 1016,2185 1106,2185 1196,2185 1286,2182 1376,2182 1466,2185 1557,2182 1647,2185 1737,2182 1827,2182 1917,2182 2007,2182 2098,2179"/><TextEquiv><Unicode>das andere Schiff vorbei und entgingen auf solche Art der</Unicode></TextEquiv></TextLine><TextLine custom="readingOrder {index:27;}" id="tr_1_tl_30"><Coords points="292,2281 2077,2281 2043,2197 292,2208"/><Baseline points="304,2266 397,2260 491,2260 584,2258 678,2258 772,2260 865,2259 959,2260 1053,2260 1146,2260 1240,2260 1333,2257 1427,2257 1521,2260 1614,2259 1708,2260 1802,2259 1895,2258 1989,2254 2083,2257"/><TextEquiv><Unicode>größten Gefahr an den Felsen unter der Festung zu scheitern.</Unicode></TextEquiv></TextLine><TextLine custom="readingOrder {index:28;}" id="tr_1_tl_31"><Coords points="290,2348 2088,2342 2088,2272 290,2278"/><Baseline points="301,2331 390,2331 480,2331 570,2331 659,2331 749,2331 839,2331 928,2334 1018,2331 1108,2331 1198,2331 1287,2331 1377,2331 1467,2331 1556,2331 1646,2328 1736,2331 1825,2331 1915,2331 2005,2328 2095,2328"/><TextEquiv><Unicode>Unsre Seeleute schlossen aus diesem bedenklichen und glücklichen</Unicode></TextEquiv></TextLine><TextLine custom="readingOrder {index:29;}" id="tr_1_tl_32"><Coords points="285,2428 2084,2423 2084,2346 285,2351"/><Baseline points="298,2406 387,2403 477,2406 566,2409 656,2406 745,2406 835,2406 924,2406 1014,2406 1103,2406 1193,2406 1283,2406 1372,2406 1462,2406 1551,2406 1641,2406 1730,2406 1820,2406 1909,2406 1999,2403 2089,2403"/><TextEquiv><Unicode>Vorfall auf den günstigen Fortgang der ganzen Reise, und wir</Unicode></TextEquiv></TextLine><TextLine custom="readingOrder {index:30;}" id="tr_1_tl_33"><Coords points="274,2486 2084,2498 2059,2421 1885,2414 274,2432"/><Baseline points="286,2477 376,2477 466,2477 556,2480 646,2480 736,2477 826,2477 917,2477 1007,2480 1097,2480 1187,2480 1277,2483 1367,2480 1457,2480 1548,2479 1638,2479 1728,2477 1818,2477 1908,2477 1998,2477 2089,2477"/><TextEquiv><Unicode>konnten nicht umhin die Leitung der göttlichen Vorsehung in</Unicode></TextEquiv></TextLine><TextLine custom="readingOrder {index:31;}" id="tr_1_tl_34"><Coords points="281,2572 2079,2577 2043,2491 281,2486"/><Baseline points="292,2552 381,2552 471,2555 561,2552 650,2555 740,2555 830,2552 919,2555 1009,2552 1099,2558 1189,2555 1278,2552 1368,2552 1458,2555 1547,2555 1637,2555 1727,2552 1816,2552 1906,2552 1996,2549 2086,2552"/><TextEquiv><Unicode>diesem wichtigen Augenblick zu erkennen, der alle unsre Hoff-</Unicode></TextEquiv></TextLine><TextLine custom="readingOrder {index:32;}" id="tr_1_tl_35"><Coords points="281,2649 2079,2643 2079,2577 1925,2561 281,2570"/><Baseline points="292,2627 381,2627 471,2627 561,2627 650,2630 740,2627 830,2630 919,2627 1009,2630 1099,2627 1189,2627 1278,2627 1368,2627 1458,2627 1547,2630 1637,2624 1727,2627 1816,2627 1906,2627 1996,2627 2086,2621"/><TextEquiv><Unicode>nungen beinahe auf einmal vereitelt hätte*). Und wie oft ha-</Unicode></TextEquiv></TextLine><TextLine custom="readingOrder {index:33;}" id="tr_1_tl_36"><Coords points="283,2713 2086,2731 2086,2643 1955,2636 283,2649"/><Baseline points="295,2698 384,2701 474,2701 564,2698 654,2701 744,2701 834,2701 923,2701 1013,2701 1103,2701 1193,2701 1283,2701 1373,2701 1463,2701 1552,2698 1642,2701 1732,2704 1822,2704 1912,2704 2002,2701 2092,2698"/><TextEquiv><Unicode>ben wir uns nicht im Verfolg dieser Reise in so gefährlichen</Unicode></TextEquiv></TextLine><TextLine custom="readingOrder {index:34;}" id="tr_1_tl_37"><Coords points="285,2801 2082,2790 2063,2717 285,2713"/><Baseline points="298,2773 387,2776 476,2776 566,2776 655,2773 745,2773 834,2776 923,2776 1013,2779 1102,2779 1192,2776 1281,2776 1370,2776 1460,2776 1549,2776 1639,2776 1728,2776 1817,2776 1907,2779 1996,2776 2086,2770"/><TextEquiv><Unicode>Umständen befunden, wo alle menschliche Hülfe vergeblich gewe-</Unicode></TextEquiv></TextLine><TextEquiv><Unicode/></TextEquiv></TextRegion><TextRegion custom="readingOrder {index:3;} structure {type:footnote;}" id="r_6"><Coords points="248,2902 2094,2902 2094,3324 248,3324"/><TextLine custom="readingOrder {index:0;}" id="l"><Coords points="257,2922 274,3196 2156,3182 2128,2888 253,2918 254,2948 2102,2917 2125,3154 301,3167 287,2920"/><Baseline points="257,2922 274,3196 2156,3182 2128,2888 253,2918"/><TextEquiv><Unicode>Es ist nichts ungewöhnliches, daß Schiffe bei ähnlichen Gele=</Unicode></TextEquiv></TextLine><TextLine custom="readingOrder {index:1;}" id="l_100"><Coords points="294,3042 2073,3021 2073,2991 294,3012"/><Baseline points="294,3042 2073,3021"/><TextEquiv><Unicode>genheiten zu Schaden kommen. Das Kriegsschiff Albborough, ward am</Unicode></TextEquiv></TextLine><TextLine custom="readingOrder {index:2;} date {offset:0; length:12;}" id="l_107"><Coords points="315,3096 2084,3096 2084,3066 315,3066"/><Baseline points="315,3096 2084,3096"/><TextEquiv><Unicode>16. Mai 1776 von eben solchem Bon losgerissen, un trieb auf den</Unicode></TextEquiv></TextLine><TextLine custom="readingOrder {index:3;}" id="l_114"><Coords points="298,3168 1820,3158 1820,3128 297,3138"/><Baseline points="298,3168 1820,3158"/><TextEquiv><Unicode>Felsen von Drake = Giland, wo es die Wellen zerschmetterten.</Unicode></TextEquiv></TextLine><TextEquiv><Unicode/></TextEquiv></TextRegion></Page></PcGts>