2479 3508
443 81 544 228 32
1092 51 1607 226 Reise um die Welt
452 170 2233 307 sen sein würde, wenn unser besseres Schicksal nicht unter einer
459 284 2238 374 höhern Aufsicht gestanden hätte, ohne welche kein Haar von un-
461 360 2233 459 serm Haupte fällt? Zwar sind wir geneigt, der Vortrefflichkeit
450 436 2240 521 und dem wachsamen Auge unsrer erfahrnen Weltumsegler die
447 515 2238 591 billigste und rühmlichste Gerechtigkeit wiederfahren zu lassen; al¬
450 588 2233 667 lein im Grunde werden wir uns nie enthalten, alles auf sei¬
450 653 2233 747 nen wahren Ursprung, vornehmlich aber solche Vorfälle auf
441 729 2233 814 eine höhere Macht zurückzuführen, wovon keine menschliche Kunst,
447 803 2240 922 wäre sie auch mit frecher Religionsverachtung gewaffnet, die Ehre
468 868 969 971 sich anmaßen darf.
602 897 2240 1036 Montags früh, am 13., segelten wir in Begleitung der
452 1023 2242 1110 Adventure von Plymouth ab. Ich kehrte einen Abschiedsblick
447 1096 2231 1186 gegen Englands fruchtbare Hügel zurück, und ließ dem natür¬
452 1175 2246 1255 lichen Gefühl der Verbindungen, woran mich diese Aussicht er¬
452 1240 2240 1325 innerte, freien Lauf; bis endlich die Heiterkeit des schönen Mor¬
452 1316 2233 1401 gens, und die Neuheit unsrer Fahrt durch die glatte See die
452 1387 2240 1483 Oberhand gewannen und jene trüben Gedanken zerstreuten. Bald
452 1463 2231 1546 blieb nun hinter uns der berühmte hohe Leuchtthurm, der mit¬
443 1528 2242 1604 ten im Meer auf dem Felsen Eddistone zum Besten der Schiff-
461 1604 2242 1694 fahrt gebauet ist, und den man unmöglich ansehen kann, ohne
450 1685 2226 1770 für die einsamen Wächter zu zittern, die oft drei Monate lang,
447 1761 2238 1839 von aller Gemeinschaft mit dem festen Lande abgeschnitten, da¬
452 1828 2240 1909 selbst zubringen müssen. Denn das Schicksal eines gewissen
447 1902 2231 1994 Winstanley, der unter dem Schutt eines ähnlichen Gebäudes,
441 1976 2231 2065 das er selbst auf dieser Klippe angelegt hatte, vergraben wurde,
439 2056 2229 2144 und die schwankende Bewegung des jetzigen Thurms, wenn Wind
441 2126 2240 2213 und Wetter ihn bestürmen, müssen sie unaufhörlich mit einem
450 2195 1875 2289 schleunigen und schreckenvollen Untergange bedrohen.
593 2258 2238 2340 In eben dem Maaße als wir uns vom Lande entfern¬
450 2343 2211 2430 ten, ward der Wind heftiger; die Wellen wuchsen an, das Schif
450 2414 2238 2493 rollte von einer Seite zur andern und die der See nicht ge¬
452 2486 2240 2578 wohnt waren, ja selbst einige der ältesten Seeleute, litten nun-
447 2562 2235 2642 mehr, doch in verschiedenem Grade, von der Seekrankheit. Auch
450 2645 2231 2719 war diese Uebelkeit nicht bei Allen von gleicher Dauer, und
447 2703 2231 2792 nachdem sie drei Tage lang angehalten hatte, fanden wir uns
452 2774 2233 2875 größtentheils durch gewärmten, rothen Oportowein mit Zucker und
461 2851 1219 2969 Gewürzen wieder hergestellt.
600 2875 2226 3043 Am 20. bekamen wir das Vorgebirge Ortegal an der ga¬
447 2956 2238 3097 licischen Küste in Spanien zu Gesicht; welches die Einwohner
447 3092 2226 3177 Ortiguera nennen und vermuthlich das Promontorium trileucum
