2479 3508
757 101 1568 241 in den Jahren 1772 bis 1775.
1930 114 2058 248 33
255 214 2044 349 der Alten ist. Das Land ist in dieser Gegend bergigt, und
255 328 2058 422 an den Orten, wo man den nackten Felsen sah, von weißlicher
255 409 2044 516 Farbe; die Gipfel der Berge aber waren mit Waldung bedeckt
255 449 2058 576 Ich bemerkte auch einige beinahe reife Kornfelder, und etliche
261 556 2064 637 Stellen, die mit Haide bedeckt zu sein schienen. Jedermann am
248 630 2044 724 Bord schaute dies Land mit solcher Sehnsucht an, daß man
255 704 2058 784 deutlich abnehmen konnte, der Mensch sei kein Amplibium. Die-
261 771 2004 898 sen Gedanken scheint Horaz gefühlt zu haben, wenn er sagt
469 851 1307 958 Necquicquam Deus abscidit
583 932 1421 1066 Prudens Oceano dissociabili
469 985 1233 1106 Terras: si tamen impiae
590 1059 1689 1220 Non tangenda rates transiliunt vada.
1629 1126 1803 1294 Hor.
235 1206 2051 1374 Am 22. sahen wir den Leuchtthurm bei Corunna, oder
285 1411 2115 1445 wie es unsre Seeleute nach ihrer Weise verstümmeln, the
248 1414 2031 1515 Groyn. Wir hatten eine völlige Windstille, die See war so
241 1501 2044 1602 eben als ein Spiegel, und Kornfelder, umzäunte Gründe, kleine
287 1627 2066 1662 Dörfer und adelige Höfe verschönerten die bergige Landschaft;
235 1642 2105 1743 Alles vereinigte sich die Ueberbleibsel der Seekrankheit zu ver¬
261 1723 2064 1810 treiben und erfüllte uns mit gutem Muth, der freilich bei leerem
262 1840 2086 1876 Magen und stürmenden Wellen nicht hatte Stand halten kön-
248 1803 2091 1964 nen. Des Abends sahen wir nicht weit von uns eine kleine Tar¬
221 1950 2044 2064 tane, die uns ein Fischerboot von der spanischen Küste zu sein
268 2024 2084 2145 schien und in dieser Meinung setzten wir ein Boot aus, um
261 2105 2064 2178 frische Fische einzukaufen. Die ganze Oberfläche des Meeres war
283 2206 2082 2240 mit Tausenden von kleinen Krabben bedeckt, die nicht über einen
235 2239 2058 2319 Zoll im Durchschnitt hatten, und von der Art waren, welche
241 2312 2091 2440 Linné Cancer depurator nennt. Das kleine Fahrzeug selbst
228 2393 2071 2527 war eine französische Tartane, aus Marseille, von ungefähr
241 2460 2064 2594 100 Tonnen, mit Mehl für Ferrol und Corunna beladen. Die
228 2540 2051 2661 Leute am Bord baten uns um frisches Wasser, weil sie durch
241 2614 2044 2708 widrige Winde seit zwei Monaten verschlagen worden, ihren gan-
241 2681 2091 2808 zen Vorrath schon seit vierzehn Tagen verbraucht und sich seit-
235 2761 2084 2895 dem nur von Brot und einer kleinen Portion Wein genährt
261 2835 2064 2949 hätten. In diesem elenden Zustande waren ihnen verschiedene
241 2902 2078 3030 Schiffe, und besonders etliche spanische Kriegsschiffe begegnet,
248 2989 2098 3103 Niemand aber war menschlich genug gewesen, ihrer Noth abzu-
241 3056 2111 3197 helfen. Der Offizier, welcher unser Boot commandirte, schickte
261 3110 2064 3244 sogleich die ledigen Fässer an das Schiff, um sie anfüllen zu
1548 3204 1702 3318 2**:
