2479 3508
447 107 567 248 34
1061 103 1588 243 Reise um die Welt
453 206 2232 340 lassen, und die armen Leute nahmen sie alsdann mit solchen
458 331 2236 413 Mienen wieder in Empfang, aus welchen die lebhafteste Freude
462 404 2232 496 strahlte. Sie dankten dem Himmel und uns, und freuten sich,
458 474 2236 565 daß sie endlich wieder Feuer machen und nach langem Fasten et-
462 552 2232 632 was Warmes genießen könnten. So wahr ist's, daß ein gefühl¬
456 625 2232 708 volles Herz oft Gelegenheit hat seine Wohlthätigkeit ohne Ko¬
465 697 838 800 sten zu üben.
594 777 2236 858 Des folgenden Nachmittags segelten drei spanische Kriegs¬
462 842 2236 934 schiffe nach dem Hafen Ferrol vorbei. Eines schien 74 Kano¬
456 923 2234 1012 nen, die andern zwei aber nur 60 zu führen. Das letzte zog
456 1010 2234 1081 anfänglich englische Flaggen auf, nachdem wir aber die unsrige
465 1083 2240 1153 gezeigt, ließ es diese wieder herunter, feuerte eine Kanone unter
458 1128 2243 1246 dem Winde ab, und steckte die spanische Flagge auf. Bald dar¬
456 1204 2245 1287 nach feuerte es eine Kugel nach der Adventure; weil wir aber
462 1296 2243 1369 fortsegelten ohne uns an sein Feuern zu kehren, so kam das
467 1363 2243 1450 spanische Schiff zurück, und schoß noch eine Kugel, welche dicht
458 1425 2249 1508 vor dem Schiff vorbeiging. Als Capitain Cook dies sah, ließ er
462 1510 2243 1584 unser Schiff in den Wind legen (d. i. wir hielten mit Segeln
458 1575 2249 1655 inne), und die Adventure that nun ein gleiches, doch schien es
465 1640 2249 1727 als ob sie sich hierin nur nach unserm Beispiel richtete. Der
471 1713 2252 1800 Spanier rief dies Schiff auf Englisch an und fragte „was für
465 1798 2249 1872 eine Fregatte die vor ihnen wäre?" indem er auf uns zeigte.
467 1863 2252 1948 Sobald er hierauf Antwort bekommen hatte, wollte er eine
467 1937 2245 2015 ähnliche Frage, die man ihm vorlegte, nicht beantworten, son-
467 2010 2232 2097 dern erwiederte beständig: „Ich wünsch' Euch glückliche Reise."
465 2080 2261 2167 Nach diesem Auftritte, der für die „Herren der See“ eben nicht
480 2156 2245 2247 schmeichelhaft war, setzten wir unsre Reise fort und passirten das
467 2234 1503 2312 Vorgebirge Finisterre in der Nacht*).
619 2388 2243 2471 *) Zum Besten mancher Leser auf dem festen Lande, wird viel¬
471 2448 2245 2535 leicht die nachstehende Erläuterung obiger Stelle nicht ganz überflüßig
476 2517 2245 2587 sein. Wenn ein Kriegsschiff, ein Kauffarthei- oder ein kleineres Kriegs¬
482 2582 2245 2658 schiff anhalten will, um dasselbe entweder auszufragen oder gar zu durch¬
482 2634 2245 2716 suchen, so geschieht das gewöhnliche Zeichen dazu, durch Abfeurung einer
476 2696 2245 2772 Kanonenkugel, welche jedoch so gerichtet wird, daß sie das Schiff nicht
467 2761 2245 2828 trifft, sondern nur bei demselben vorbei streicht. Wenn ein solcherge¬
476 2815 2240 2893 stalt angehaltenes Schiff die superiorität des andern und die Rechtmä¬
471 2888 2245 2957 ßigkeit eines solchen Verfahrens nicht anerkennt, so setzt es entweder
480 2933 2245 3016 seinen Lauf fort, ohne sich an die Aufforderung des andern zu kehren,
482 2998 2256 3074 oder es erwiedert die Unbescheidenheit des Fremden wohl gar durch eine
471 3058 2252 3132 ernstliche Antwort aus seinen eigenen Kanonen. Hält es sich im Gegen¬
465 3125 2261 3221 theil für verbunden, dem andern zu gehorchen, so nimmt es zum Zeichen
