2479 3508
780 85 1590 244 in den Jahren 1772 bis 1775.
1968 123 2080 246 35
438 195 2075 326 Verschiedene Meerschweine schwammen am 25. gegen den
297 322 2077 407 Wind vorbei, der, seitdem wir das Cap Finisterre verlassen,
291 403 2077 476 nordöstlich geblieben war. Des Nachts leuchtete das Meerwasser,
286 467 2077 552 besonders schienen die Spitzen der Wellen, und ein Theil des
295 537 2089 626 Kielwassers hinter dem Schiff, aus einer Masse von lauter Licht
297 608 2077 700 zu bestehen; doch sah man auch noch ohnedies eine Menge klei-
291 682 1711 756 ner Funken, die heller als alles übrige waren.
443 751 2075 845 Am 28. um 6 Uhr des Morgens erblickten wir die Insel
304 832 2080 906 Porto-Santo, welche ungefähr vier bis fünfthalb deutsche Mei-
295 906 2082 991 len lang, unfruchtbar, und schlecht bewohnt ist. Sie hat nur
295 971 2082 1058 eine Villa oder Flecken, die eben so heißt und am östlichen Ufer
297 1047 2080 1134 in einem Thal liegt, welches ganz angebaut, und dem Ansehn
291 1120 2077 1208 nach voller Weinberge ist. Uebrigens steht diese kleine Insel un¬
300 1196 2077 1270 ter dem Gouverneur von Madera und die Zahl ihrer Einwoh¬
288 1268 1463 1348 ner beläuft sich ungefähr auf 700 Köpfe.
316 1385 2083 1422 Kurz nachher kamen wir auf die Höhe von Madera und
309 1462 2090 1505 der Ilhas desertas, welche unsre Seefahrer die Deserteurs zu
309 1531 2066 1575 nennen pflegen. Die Stadt Santa Cruz auf Madera lag Nach¬
295 1556 2082 1639 mittags um 6 Uhr gerade vor uns. Hier sahen wir die Berge
297 1635 2077 1722 von einer Menge tiefer Klüfte und Thäler durchschnitten und
297 1713 2080 1789 auf den Rücken derselben verschiedene Landhäuser, deren über¬
300 1789 2086 1856 aus anmuthige Lage zwischen Weinbergen und hohen Cypressen
295 1852 2082 1937 der Gegend ein sehr romantisches Ansehen gab. Wir wurden
295 1919 2077 2015 mit Booten in die Rhede von Funchal bugsirt, weil es völlig
288 1990 2080 2091 windstill war, und erst in dunkler Nacht kamen wir vor Anker.
441 2064 2086 2158 Früh am 29. wurden wir durch den malerischen Anblick
297 2140 2080 2236 der Stadt Funchal sehr angenehm überrascht. Sie liegt rund
288 2214 2075 2310 um die Rhede, auf einem sanft anlaufenden Grunde der Vor¬
286 2288 2077 2359 berge, und hat die Gestalt eines Amplitheaters. Vermittelst die¬
304 2357 2080 2455 ser Lage fallen sämmtliche Gebäude und Häuser um so viel vor-
295 2429 2075 2534 theilhafter ins Gesicht; sie sind fast durchgehends weiß angestri-
295 2578 2077 2697 seiner Unterthänigkeit die Segel ein, läßt auch wohl seine Flagge nieder,
291 2684 2077 2742 kurz, es hält still oder schickt gar Leute im Boote ab, um auf die vorge¬
295 2744 2077 2811 legten Fragen des andern zu antworten. In dem Text wird daher ge¬
295 2806 2082 2880 rüget, daß die Capitains Cook und Furneaux, und zwar ersterer durch
297 2865 2080 2941 sein Beispiel, der Ehre der britischen Nation (die seit der Königin Elisa-
304 2923 2084 2999 beth Zeiten her den stolzen Titel von Herren der See gegen alle Mächte
297 2985 2075 3052 behauptet), hier etwas vergeben hätten, indem sie den Spaniern eine
300 3041 2093 3146 bis hieher von keinem Engländer eingestandene Oberherrschaft, in diesen
300 3106 863 3218 Gewässern einräumten.
1747 3149 1970 3202 A. d. B.
