2479 3508
422 114 545 241 36
1052 85 1597 241 Reise um die Welt
431 199 2200 322 chen; viele sind zwei Stock hoch, und haben flache Dächer, wel¬
440 319 2207 398 ches ihnen eine Aehnlichkeit mit der Simplicität der morgenlän¬
427 400 2207 469 dischen Bauart giebt, die hier in England, unsern schmalen Häu-
431 460 2207 536 sern mit hohen, schräg zusammenlaufenden und mit einer gan¬
431 529 2211 617 zen Reihe von Schornsteinen bepflanzten Dächern, gänzlich zu
438 608 2207 692 fehlen pflegt. Am Ufer sieht man verschiedene Batterien und
440 675 2207 757 Plattformen mit Kanonen, auch wird die Rhede von einem al¬
429 746 2209 833 ten Castell bestrichen, welches auf einem steilen schwarzen Felsen
429 815 2220 894 liegt, der bei hohem Wasser von der See umgeben ist, und von
427 889 2211 976 den Engländern the Loo-Rock genannt wird. Hinter der
436 967 2209 1043 Stadt ist noch ein andres Castell St. Joanno do Pico genannt.
429 1039 2207 1130 Die nahgelegnen Höhen, auf welchen man überall Weinberge,
429 1112 2207 1200 umzäunte Gründe, Plantagen und Buschwerk nebst Landhäusern
429 1186 2211 1264 und verschiedenen Kirchen erblickt, machen die Schönheit der
431 1258 2209 1338 Landschaft vollkommen. Alles erweckte den Begriff einer bezau¬
422 1334 2200 1436 berten Insel, und gab uns eine Idee von den hängenden Gär¬
422 1398 1128 1510 ten der Semiramis.
509 1474 2200 1570 Um 7 Uhr kam ein Boot zu uns, welches das Prattique-
429 1561 2209 1649 Boot genannt wird und einen Capitain do Sal am Bord hatte.
427 1619 2211 1713 Dieser Officier ist einer von den zweien Guarda=Mores des
436 1686 2220 1791 Gesundheits-Collegiums, welche die Quarantaine der Schiffe
427 1778 2202 1863 bestimmen, die aus der Barbarei oder Levante oder aus andern
431 1845 2207 1941 verdächtigen der Pest unterworfnen Gegenden ankommen. Er
431 1917 2209 2010 erkundigte sich nach unserm Gesundheitszustande und dem Lande
422 1988 2062 2111 woher wir kämen, und erfuhr was er zu wissen verlangte.
570 2057 2209 2151 Kurz nachher landeten wir und gingen mit unsern Ca¬
429 2138 2198 2225 pitains zu Herrn Loughnan, einem englischen Kaufmann, der,
431 2211 2209 2294 vermöge Contracts, alle hier einlaufende königliche Schiffe mit
429 2285 2209 2368 den erforderlichen Nothwendigkeiten versieht. Der jüngst ernannte
438 2363 2200 2437 Consul, Herr Murray, war noch nicht angekommen; Herr
431 2430 2207 2522 Loughnan aber empfing uns mit einer Gastfreiheit und einem
429 2502 1803 2618 Anstande, der ihm und der Nation Ehre macht.
572 2578 2211 2680 Die Stadt entspricht bei weitem dem Begriffe nicht, den
429 2607 2209 2748 ihr äußeres Ansehen von der Rhede aus erregt; denn die Stra¬
427 2721 2200 2823 ßen sind eng und schlecht gepflastert und schmutzig; die Häuser sind
438 2794 2202 2879 zwar von gehauenen oder gebacknen Steinen, aber innerhalb dun¬
422 2864 2218 2949 kel. Nur diejenigen sind mit Glasfenstern versehen, welche den
429 2933 2202 3027 englischen Kaufleuten oder andern vornehmen Einwohnern gehö¬
427 3011 2194 3114 ren, die übrigen haben gemeiniglich Laden von Lattenwerk, wel¬
422 3076 2196 3192 che oben an Hespen befestigt sind, und als Fenster geöffnet,
