2479 3508
796 76 1599 239 in den Jahren 1772 bis 1775.
1963 116 2080 246 37
288 201 2071 329 auch erforderlichen Falls ausgehoben werden können. Die untern
297 304 2075 414 Zimmer sind mehrentheils zu Wohnungen für Bediente, oder
300 371 1516 470 zu Kramläden und Waarenlagern bestimmt.
441 449 2084 552 Was die Kirchen und Klöster betrifft, so sind es schlechte
295 528 2071 615 Gebäude, die keine sonderliche Kenntniß der Architectur verrathen.
295 610 2077 695 Ihr Inneres ist ohne Geschmack, denn das wenige Licht, welches
297 691 2080 772 von außen hereinfällt, macht dem Auge nichts als eine Menge
297 758 2069 832 von Flitter-Zierrathen sichtbar, die in aller Absicht gothisch sind.
295 825 2077 915 Das Franciscaner=Kloster ist nett und räumlich; aber ihr Gar¬
288 899 1523 986 ten schien in keiner guten Ordnung zu sein.
432 973 2073 1056 Die Nonnen von St. Clara empfingen uns sehr höflich am
288 1047 2084 1149 Gitter ihres Sprachzimmers, sandten aber hernach einige alte
295 1114 1798 1219 Weiber ab, um ihre verfertigte Blumen auszubieten.
438 1181 2075 1301 Wir machten hierauf mit Herrn Loughnan einen Spazier-
291 1270 2077 1357 gang, gingen nach seinem Landhause, welches eine englische Meile
291 1340 2077 1424 von der Stadt auf einer Anhöhe gelegen ist, und fanden daselbst
286 1409 2069 1483 eine angenehme Gesellschaft von den vornehmsten englischen Kauf¬
288 1483 2069 1570 leuten auf Madera. Unsre Capitains gingen Abends wieder
288 1556 2075 1632 an Bord; wir aber machten uns Herrn Loughnans höfliches
284 1621 2075 1717 Anerbieten, während unsers kurzen Aufenthalts zu Madera in
297 1706 1928 1798 seinem Hause Platz zu nehmen, mit Vergnügen zu Nutze.
423 1778 2066 1867 Am folgenden Morgen fingen wir an die landeinwärts
288 1856 2071 1932 gelegenen Gegenden der Insel zu untersuchen, und setzten diese
288 1925 2066 2004 Beschäftigung den folgenden Tag fort. Um fünf Uhr Morgens
286 2006 2062 2084 gingen wir bergauf längst einem Bach, der uns in die innern
280 2060 2069 2147 bergigen Gegenden führte. Um ein Uhr Nachmittags kamen
288 2133 2069 2221 wir zu einem Castanienwalde, der nicht weit unterhalb der höch¬
297 2214 2077 2303 sten Bergspitze dieser Insel, ungefähr sechs englische Meilen weit
282 2290 2060 2373 von Herrn Loughnans Gute liegt. Hier war die Luft merkilch
282 2364 2069 2458 kühler; und da wir gern den kürzesten Rückweg nehmen woll¬
282 2435 2062 2525 ten, so mietheten wir einen Schwarzen, der uns nach anderthalb
286 2509 1704 2590 Stunden zu unserm gütigen Wirthe zurückbrachte.
429 2583 2066 2672 Am folgenden Tage wurden Anstalten zu unsrer Abreise
282 2654 2071 2733 gemacht und ich verließ nun mit gerührtem Herzen dies reizende
277 2730 2071 2806 Land und diese edelmüthigen Freunde, welche die Wonne, daß sie
282 2802 2060 2894 ihren Nebenmenschen froh sehen, zu schätzen, zn empfinden und
282 2887 2069 2956 zu genießen wissen. Noch immer wallet mein Herz von jenen
280 2936 2060 3032 Regungen der Dankbarkeit und Hochachtung, die mir damals
273 3019 2060 3099 den Abschied so schwer machten; und es bleibt mir ein wahr¬
273 3093 2060 3216 haftes Vergnügen, brittische Gastfreiheit noch außerhalb Landes
