2479 3508
417 90 532 218 38
1056 65 1565 225 Reise um die Welt
426 203 2210 320 gefunden zu haben, von der Smollet*) in England selbst keine
428 311 1320 401 Spur mehr zu entdecken wußte.
563 378 2210 471 Ehe ich diese Insel ganz verlasse, will ich die Anmerkungen
423 469 2207 532 einrücken, welche ich daselbst zu machen und zu sammeln Ge¬
419 525 2207 599 legenheit hatte; und ich hoffe sie sollen meinen Lesern will¬
419 597 2201 676 kommen sein, weil sie sich größtentheils von verständigen Eng¬
417 664 2207 748 ländern herschreiben, die lange dort gewohnt haben. Freilich
414 741 2210 820 kann ich mir vorstellen, daß Nachrichten von Madera einigen mei-
419 820 2210 896 ner Leser überflüssig scheinen werden; wenn sie sich aber in den
423 887 2212 975 zahlreichen Reisen so vieler Seefahrer, welche die Welt umschifft
423 969 2203 1050 haben nicht finden sollten, wie dies vielleicht der Fall sein möchte,
421 1034 2207 1119 so bedürfen sie wohl keiner weitern Schutzrede. Nur gar zu leicht
417 1110 2189 1201 übersieht man Dinge, die uns gleichsam vor der Thür sind
417 1183 2212 1277 vornehmlich wenn man „auf Entdeckungen ausgeht," die gemei-
417 1257 2212 1352 niglich in eben dem Maaße für wichtiger gelten als sie weit ent-
426 1327 1110 1416 ferntere Länder betreffen.
455 1399 2203 1489 Die Insel Madera ist ungefähr 55 englische Meilen lang
417 1478 2216 1563 und 10 Meilen breit. Sie ward am 2. Julius 1419 zuerst
417 1545 2210 1626 entdeckt von Joao Gonzales Zarco, denn die fabelhafte Erzäh-
417 1622 2212 1705 lung, daß sie von einem gewissen Engländer Machin gefunden
444 1696 2221 1788 sein soll, hat keinen historisch erweislichen Grund. Sie wird in
428 1766 2207 1861 zwei Capitaneas getheilt, welche nach den darin gelegenen Städ-
423 1847 2212 1921 ten Funchal und Maxico (Maschiko) heißen. Die erstere Ca¬
417 1912 2212 2005 pitanea enthält zwei Gerichtshöfe (Judicaturas), wovon der eine
426 1984 2219 2084 zu Funchal, der andere zu Calhetta ist; dies letztere ist ein Städt-
419 2050 2219 2151 chen, deren Gebiet den Titel einer Grafschaft hat, und der Fa¬
419 2133 2230 2201 milie Castello Melhor gehört. Auch in dieser befinden sich zwei
426 2210 1955 2302 Gerichte, eins zu Maxico und eins in San Vincente.
563 2275 2216 2358 Funchal, welches die einzige Stadt (cidade) in dieser Insel
414 2358 2221 2435 ist, liegt an der südlichen Küste derselben unter der nördlichen
423 2428 2219 2500 Breite von 32° 33' 34" und in 17° 12' 7' westlicher Länge
423 2498 2223 2590 von Grennwich; außer dieser Stadt giebt es noch sieben Städtchen
417 2572 2221 2665 darauf oder Villas. Vier derselben, als Calhetta, Camara de
419 2647 2219 2723 Lobos, Ribeira braba, und Ponta de Sol, sind in der Haupt¬
419 2721 2221 2804 mannschaft Funchal, welche in sechsundzwanzig Kirchspiele ge¬
417 2791 2221 2885 theilt ist. Die übrigen drei, namentlich: Maschiko, San Vin-
423 2863 2219 2951 cente und Santa Cruz, liegen in der Hauptmannschaft Ma-
437 2935 1710 3023 schiko, die überhaupt siebenzehn Kirchspiele hat.
507 3088 1543 3187 *) in seinem Humphrey Klinker etc.
