2479 3508
810 94 1606 224 in den Jahren 1772 bis 1775.
1999 123 2100 237 39
458 221 2089 329 Der Gouverneur ist das Oberhaupt aller bürgerlichen und
315 318 2091 407 Militair-Departements auf dieser Insel, auf Porto Santo, aus
309 389 2098 474 den Salvages und auf den Ilhas desertas. Don Joao An-
309 456 2095 541 tonio de Saa Pereira bekleidete diese Stelle als ich zu Madera
309 534 2098 637 war. Man hielt ihn für einen sehr verständigen und einsichts-
315 624 2093 691 vollen, dabei aber sehr zurückhaltenden und bis zur Bedenklich¬
313 675 872 772 keit vorsichtigen Herrn.
461 754 2095 832 Das Justizdepartement steht unter dem Corregidor, an wel-
322 832 2098 921 chen auch alle Appellationen von den niedrigen Gerichtshöfen ge¬
313 906 2095 982 richtet werden. Der König, welcher diese Stelle nach Gutbe¬
315 964 2093 1062 finden vergeben und wiederum nehmen kann, pflegt gemeiniglich
320 1056 2107 1134 Personen aus Lissabon zu diesem Posten zu ernennen. Jeder
322 1127 2089 1210 Gerichtshof (Judicatura) besteht aus einem Senat, dessen Mit¬
315 1196 2091 1284 glieder sich einen Juiz oder Richter zu ihrem Vorsitzer wählen.
320 1272 2084 1355 Zu Funchal heißt er Juiz da Fora, und dieser wird, in Abwe¬
329 1346 2098 1438 senheit oder bei Absterben des Corregidors, als dessen Repräsen¬
309 1438 2095 1501 tant angesehen. Die ausländischen Kaufleute wählen ihren eige¬
309 1498 2095 1572 nen Richter, Providor genannt, welcher zugleich die königlichen
309 1568 2098 1653 Zölle und Einkünfte einzunehmen hat. Diese belaufen sich in
306 1635 2089 1708 allem ungefähr auf 120,000 Pfund Sterling, und werden größ¬
309 1706 2089 1796 tentheils auf Besoldung der königlichen Bedienten und Truppen,
297 1778 2086 1863 wie auch zur Unterhaltung der öffentlichen Gebäude wieder ver¬
300 1867 2098 1954 wendet. Sie bestehen in Fruchtzehnten, welcher dem Könige als
309 1932 2107 2010 Großmeister des Christordens gehört; ferner in einer Auflage
313 2017 2093 2080 von zehn Procent auf alle einkommenden Waaren, Lebensmit¬
306 2073 2098 2156 tel allein ausgenommen, und endlich in einer Auflage von eilf
320 2151 2095 2236 Procent von allen ausgehenden Gütern. Es giebt nur eine
313 2218 2089 2297 Compagnie regulairer Truppen von hundert Mann auf der In¬
315 2294 2084 2377 sel; die Miliz hingegen ist an drei tausend Mann stark und in
306 2373 2093 2462 Compagnien eingetheilt, deren jede ihren Capitain, einen Lieu¬
297 2444 2095 2527 tenant und einen Fähnrich hat. Weder Officiere noch Gemeine
309 2516 2095 2599 dieser Miliz werden besoldet, weil man aber einen gewissen Rang
313 2601 2100 2668 durch sie bekommt, so bemüht sich ein Jeder darin aufgenommen
306 2661 2098 2751 zu werden. Sie stößt jährlich einmal zusammen, und wird einen
306 2735 2089 2820 Monat lang exercirt. Das ganze Militair steht unter dem
309 2809 2095 2894 Serjante Mor, und die beiden Capitanos de Sal, welche der
313 2883 1666 2992 Gouverneur um sich hat, thun Adjutantendienste.
458 2950 2084 3039 Die Anzahl der Weltgeistlichen auf dieser Insel beläuft sich
306 3014 2086 3122 auf 1200, wovon viele als Hausinformatoren gebraucht werden.
322 3099 2077 3209 Seit Vertreibung der Jesuiten giebt es hier keine ordentliche öf¬
