2479 3508
404 96 507 245 40
1014 94 1544 231 Reise um die Welt
404 188 2192 325 fentliche Schule, außer einem Seminarium, darin auf Kosten
402 307 2197 406 des Königs zehn Studenten von einem dazu gesetzten Priester
397 384 2190 462 unterrichtet werden. Diese Studenten haben über die gewöhn¬
402 458 2194 545 liche schwarze Studententracht einen rothen Mantel. Wer die
408 518 2190 615 Priesterweihe haben will, muß aber auf der neueingerichteten Uni¬
402 599 2194 684 versität Coimbra in Portugal studiren. Auch ist zu Madera ein
399 675 2188 770 Capitel unter einem Bischof, dessen Einkünfte beträchtlicher sind
402 754 2194 830 als des Gouverneurs, denn sie bestehen aus einhundert und zehn
404 821 2185 918 Pipen Wein und aus vierzig Muys Weizen, wovon jedes vier¬
399 898 2197 965 undzwanzig englische Buschel hält. Dies bringt ihm in gewöhn¬
404 967 2185 1052 lichen Jahren, nach Gelde gerechnet, ungefähr dreitausend Pfund
411 1043 2185 1124 Sterling ein. Es sind hier gleichfalls sechzig bis siebzig Francis¬
404 1117 2197 1205 caner in vier Klöstern, wovon eins zu Funchal ist. Ungefähr
404 1189 2197 1279 dreihundert Nonnen sind in vier Klöster vertheilt und gehören
404 1265 2185 1348 zu den Orden Mercy, S. Clara, Incarnaçao und Bom Je-
417 1340 2199 1434 sus. Die Nonnen des letztgenannten Ordens dürfen das Kloster
402 1411 1061 1501 verlassen und heirathen.
543 1479 2197 1564 Im Jahr 1768 bestanden die gesammten Einwohner der
402 1559 2194 1640 dreiundvierzig Kirchspiele zu Madera aus 63,913 Köpfen oder
404 1629 2185 1710 31,341 Personen männlichen und 32,572, weiblichen Geschlechts.
404 1710 2192 1782 Allein in gedachtem Jahre starben 5243 Personen, und nur
404 1775 2192 1853 2198 Kinder wurden dagegen geboren; sodaß 3045 Todesfälle
399 1856 2197 1939 mehr waren als Geburten. Es ist sehr wahrscheinlich, daß dies
399 1921 2203 1997 von einer epidemischen Krankheit hergerührt hat, denn sonst müßte
399 1999 2188 2087 die Insel längst entvölkert sein, deren Klima doch vortrefflich ist,
399 2073 2197 2154 indem das Wetter gemeiniglich gelinde und die Hitze selbst im
408 2150 2188 2226 Sommer in den höhern Gegenden sehr gemäßigt ist, wesfalls
404 2221 2197 2302 auch die Vornehmern dort ihren Sommeraufenthalt nehmen. Im
404 2289 2201 2378 Winter sind diese Berggegenden wohl mehrere Tage lang mit
413 2358 2197 2443 Schnee bedeckt, in den niedrigern Gegenden aber bleibt er niemals
404 2443 2192 2524 länger als einen oder zwei Tage hindurch liegen. Auf die Rich¬
404 2520 2201 2601 tigkeit unserer Angabe von den Geborenen und Gestorbenen kann
408 2587 2194 2686 man sich übrigens verlassen, weil wir Gelegenheit hatten durch
404 2684 2185 2742 einen Secretair des Gouverneurs einen Auszug aus den Kirchen¬
404 2731 963 2829 büchern zu erhalten.
550 2802 2188 2894 Das gemeine Volk ist schwärzlich von Farbe und wohl ge¬
402 2872 2194 2960 bildet, doch haben sie große Füße, welches vermuthlich von Er¬
411 2951 2194 3029 steigung der steilen und steinigen Wege auf den Bergen her¬
404 3022 2197 3103 kommen mag. Sie sind von länglicher Gesichtsbildung, haben
408 3101 2194 3215 schwarze Augen und schwarzes Haar, welches von Natur in
