2479 3508
779 79 1589 245 in den Jahren 1772 bis 1775.
1966 92 2062 240 41
283 197 2060 330 Locken fällt, bei einigen aber anfängt sich wollartig zu kräuseln,
289 310 2062 402 eine Eigenschaft, die man vielleicht ihrer Vermischung mit Negern
285 397 2066 476 zuschreiben könnte. Im Ganzen sind sie plump doch nicht wi-
292 467 2058 547 derlich gebildet. Die Frauenspersonen sind häßlich; es fehlt ih-
280 538 2066 624 nen die blühende Farbe, welche, nebst der Gefälligen regelmäßigen
285 608 2066 698 Gestalt, dem weiblichen Geschlecht unserer nördlichen Gegenden
289 691 2075 758 den Vorzug über alles andere Frauenzimmer giebt. Hier in
283 752 2066 844 Madera sind sie klein und stark von Knochen, selbst im Gesicht,
280 821 2069 915 besonders aber am Fußwerk. Dabei ist nichts Gefälliges in ihrer
289 900 2071 987 Art sich zu tragen und in ihrem Anstande; und der Farbe nach
294 976 2071 1059 gehören sie zu den dunkelsten Brunetten. Allein die richtigen
285 1052 2062 1131 Verhältnisse ihres Wuchses, die schöne Gestalt ihrer Hände, und
285 1115 2069 1216 ihre großen lebhaften Augen entschädigen sie einigermaßen für
289 1196 2066 1272 jene Mängel. Die Arbeitsleute tragen Sommers leinene Schif-
301 1270 2066 1353 ferhosen, ein grobes Hemd, einen großen Hut und Stiefeln.
289 1342 2066 1423 Einige hatten ein kurzes Camisal von Tuch und einen langen
285 1418 2071 1494 Mantel, den sie zuweilen über den Arm schlugen. Die Frauens¬
283 1485 2069 1577 personen tragen Röcke und kurze enge Leibchen, eine Tracht,
285 1571 2066 1642 die zwar sehr einfach ist, aber manche Personen gar nicht übel
283 1631 2075 1719 kleidet. Außerdem tragen sie auch wohl einen kurzen weiten Man¬
280 1705 2073 1793 tel, der Kopf aber bleibt völlig unbedeckt, und die Unverheirathe¬
274 1782 2062 1883 ten binden die Haare oben auf dem Wirbel des Hauptes zu¬
285 1844 534 1943 sammen.
429 1923 2066 2017 Die Leute auf dem Lande sind ausnehmend mäßig, und
283 2004 2069 2082 leben schlecht. Sie nähren sich mehrentheils nur von Brod und
285 2064 2066 2158 Zwiebeln oder anderm Wurzelwerk und etwas Fleisch. So elend
292 2150 2078 2228 sie sich aber auch behelfen müssen, so essen sie doch nicht leicht
283 2206 2071 2298 Eingeweide oder sonst andern Abgang von Fleisch, weil die elen-
276 2293 2080 2385 desten Bettler Caldaunenschlucker bei ihnen genannt werden. Ihr
283 2363 2071 2439 gewöhnlicher Trunk ist Wasser, oder auch (Lauer) ein dünnes
292 2434 2075 2513 Getränk, welches sie aus Weintrebern und Wasser zubereiten, und
285 2513 2062 2594 solches durch die Gährung etwas scharf und säuerlich werden las¬
301 2580 2071 2666 sen; es kann aber nicht lange aufbewahrt werden. Der Wein
294 2654 2069 2740 selbst, der diese Insel so berühmt gemacht hat, und der ihrer
283 2726 2064 2816 Hände Arbeit ist, kommt selten vor ihren Mund. Ihre Haupt¬
283 2800 2069 2879 beschäftigung ist Weinbau; da solcher aber den größten Theil des
283 2879 2071 2960 Jahres keiner Wartung bedarf, so können sie sich um so mehr
285 2948 2062 3034 ihrer Neigung zum Müßiggang überlassen, welche in warmen und
280 3022 2069 3105 fruchtbaren Ländern so natürlich ist. Die portugiesische Regie¬
276 3092 2071 3193 rung scheint bis jetzt noch nicht die besten Mittel dagegen er¬
