2479 3508
437 101 538 221 42
1065 86 1579 239 Reise um die Welt
437 187 2221 327 griffen zu haben. Zwar ist neuerlich Befehl ergangen, daß Oel¬
428 309 2219 405 bäume angepflanzt werden sollen, wo das Land für den Wein¬
426 390 2221 473 wachs zu trocken und unfruchtbar ist; aber noch ist man nicht
432 457 2221 541 bedacht gewesen dem Landmann fürs erste unter die Arme zu
437 541 2219 622 greifen, oder Belohnungen zu versprechen, die ihn geneigt zu Neuer-
435 615 1694 687 ungen und willig zur Arbeit machen könnten.
577 685 2230 752 Die Weinberge werden Pachtweise und immer nur auf ein
426 750 2239 840 Jahr lang ausgethan. Die Pächter bekommen vier Zehntheile
428 833 2219 908 vom Gewächs; vier andere Zehntheile müssen dem Grundherrn,
432 901 2225 975 ein Zehntheil an den König und einer an die Geistlichkeit ent¬
428 969 2228 1047 richtet werden. Ein so geringer Gewinn und die Aussicht, daß
441 1047 2237 1126 sie blos für Andere arbeiten, muß natürlicherweise Muth und
437 1106 2221 1198 Hoffnung niederschlagen. Dennoch sind sie bei aller Unterdrückung
437 1187 2225 1277 lustig und vergnügt, singen bei der Arbeit und versammeln sich des
435 1259 2228 1347 Abends, um nach dem Schall einer einschläfernden Guitarre zu
432 1329 1110 1430 tanzen und zu springen.
572 1401 2228 1493 Die Einwohner der Städte sind noch häßlicher als die Land¬
432 1480 2228 1568 leute, und dabei oft blaß und mager. Die Männer gehen fran¬
441 1561 2230 1640 zösisch und mehrentheils schwarz gekleidet; aber gemeiniglich pas¬
448 1617 2228 1716 sen die Kleider nicht, und scheinen wenigstens seit funfzig Jah¬
444 1698 2221 1777 ren schon aus der Made gewesen zu sein. Die Damen sind
441 1770 2230 1858 feiner und angenehm gebildet; aber die Eifersucht, welche den
435 1836 2225 1930 Männern hier gleichsam angeboren ist, hält sie stets eingeschlos¬
446 1917 2239 2009 sen und beraubt sie der Glückseligkeit, welche den ärmern Land¬
437 1987 2230 2075 weibern unbenommen bleibt. Die Vornehmern machen eine Art
441 2063 2230 2153 von Adel aus; aber ihr Ahnenstolz macht sie ungesellig und
444 2142 2228 2221 unwissend, und verleitet sie zu einem lächerlich affectirten vor¬
444 2221 2225 2289 nehmen Wesen. Die Landgüter gehören einigen alten Familien
437 2275 2237 2367 die zu Funchal und in den übrigen Städten der Insel wohn¬
444 2352 719 2455 haft sind.
595 2408 2237 2507 Madera besteht aus einem einzigen großen Berge, der sich
441 2507 2237 2579 von allen Seiten von der See gegen die Mitte der Insel er¬
441 2579 2223 2662 hebt, und daselbst in eine Spitze zusammenläuft auf der sich
446 2653 2239 2739 eine Vertiefung sinden soll, welche von den Einwohnern Val
450 2728 2234 2811 genannt wird, und, ihrer Aussage nach, mit einem feinen, immer
446 2804 2234 2892 grünenden Grase bewachsen ist. Die Steine, welche wir zu un¬
441 2872 2241 2960 tersuchen Gelegenheit hatten, schienen alle im Feuer gewesen zu
453 2940 2243 3032 sein, waren löchericht und von schwarzer Farbe; kurz, der größte
446 3014 2239 3111 Theil derselben war Lava. Einige glichen jener Steinart, welche
444 3088 2228 3201 von den Bergleuten in Derbyshire Dunstone genannt wird. Auf
