2479 3508
764 92 1565 248 in den Jahren 1772 bis 1775.
1955 122 2057 259 43
280 201 2066 334 der ganzen Insel besteht das Erdreich aus einem Tras, wel¬
277 327 2059 417 cher mit Thon und Sand gemischt und gewissen Erdarten ähn¬
289 395 2057 480 lich ist, die wir nachher auch auf der Insel Ascension antrafen.
282 474 2057 559 Aus allen diesen Umständen glaube ich mit Recht schließen zu
280 541 2059 627 können, daß ein feuerspeiender Berg diese Laven und Okererden
277 622 2059 697 hervorgebracht und daß die obenerwähnte Vertiefung auf der
282 692 2061 778 Bergspitze der Insel, der Crater, oder die Oeffnung des Volcans
289 767 2068 850 gewesen sei. Beim ersten Anblick von Madera war ich zwar
286 843 2057 920 anderer Meinung; allein der schwarze Loofelsen, ingleichen jener,
277 909 2068 985 auf welchem das Castel S. John steht, ferner die Beschaffen¬
280 976 2059 1071 heit der Erd - und Steinarten und endlich die Lage vor ge¬
277 1051 2057 1152 dachter Vertiefung überzeugten mich, daß hier Alles eine gewalt¬
273 1130 1714 1206 same Veränderung vom Feuer erlitten haben müsse.
413 1204 2063 1288 Verschiedene Bäche, welche von den höchsten Gegenden in
268 1285 2054 1360 tiefe Schluchten herabströmen, machen große Abtheilungen auf
277 1353 2068 1430 der Insel; allein Ebenen, dergleichen andere Reisende vor uns
268 1421 2077 1491 bemerkt haben wollen *), konnten wir hier nirgends finden. In
273 1493 2066 1578 den Flußbeeten jener Bäche giebt es an manchen Stellen eine
268 1569 2063 1657 Menge größerer und kleinerer Steine, welche das Wasser aus
268 1639 2066 1718 den höheren Gegenden, hauptsächlich zur Winterszeit bei heftigem
268 1712 2059 1799 Regen oder bei aufgehendem Schnee herabführt. Zur Begün¬
273 1793 2057 1869 stigung des Weinbaues wird das Wasser durch Dämmungen und
271 1863 2068 1933 Canäle in die Weinberge geleitet, damit jeder Inhaber auf eine
264 1928 2066 2011 bestimmte Zeit Gebrauch davon machen könne. Einige haben
273 2016 2066 2093 es fürs ganze Jahr, andere wöchentlich dreimal, andre zwei¬
259 2072 2057 2154 mal, und noch andere gar nur einmal. Da des heißen Him¬
262 2149 2066 2237 melstrichs wegen kein Weinberg ohne Wässerung bestehen kann,
271 2228 2061 2316 so kann auch dergleichen nicht ohne große Kosten, und dazu nur
262 2302 2063 2393 in solchen Gegenden angelegt werden, wo Wasser von denen
262 2381 1930 2465 zu erhalten steht, die es fürs ganze Jahr und übrig haben.
426 2444 2059 2523 Wo in den höhern Gegenden nur auf irgend eine Weise
259 2521 2066 2596 ein Stückchen ebenes Land anzutreffen ist oder durch Handarbeit
262 2591 2059 2681 dazu gemacht werden kann, da pflanzen sie Zehrwurzeln (arum
262 2663 2068 2749 esculentum Linn.) und umziehen es, der Wässerung wegen, mit
259 2738 2052 2828 einem Aufwurf von Erde, weil diese Pflanze in feuchten Gründen
259 2810 2054 2895 am besten fortkommt. Die Blätter brauchen sie zum Futter für
262 2889 2054 2968 die Schweine; die Wurzel hingegen, wird von den Leuten auf
255 2961 2057 3047 dem Lande selbst genossen. Süße Kartoffeln (convolvulus bata-
368 3110 2048 3236 *) S. Hawkesworth's Geschichte der engl. Seereisen um die Welt
