2479 3508
438 119 557 240 44
1071 88 1583 249 Reise um die Welt
449 229 2232 330 tas) werden zu eben diesem Behuf gepflanzt und machen nebst
449 319 2243 400 den Castanien die Hauptartikel ihrer Kost aus. Von letztern fin¬
447 388 2234 483 det man große Wälder in den höhern Gegenden des Landes,
440 465 2245 543 wo der Weinstock nicht fortkommt; Weizen und Gerste wird
447 541 2241 615 auch gesäet, vornehmlich an solchen Stellen, wo die Reben vor
445 611 2229 691 Alter ausgehen wollen, oder wo dergleichen erst neuerlich ge-
445 682 2234 772 pflanzt worden. Indessen reicht ihre ganze Getreideernte doch
445 761 2234 846 kaum auf drei Monate hin; weshalb die Einwohner sich anderer
447 828 2234 925 Nahrungsmittel, besonders des Nordamerikanischen Korns bedie¬
445 902 2234 981 nen müssen, wovon auch jährlich große Ladungen eingeführt und
445 974 2227 1057 gegen Wein eingetauscht werden. Hieran ist nun freilich theils
453 1051 2220 1129 der Mangel an Dünger und theils die Faulheit des Volkes schuld;
449 1129 2227 1203 allein, wenn auch gleich der Ackerbau allhier zur höchsten Voll¬
447 1192 2220 1271 kommenheit gebracht wäre, so würde dem Anscheine nach den¬
440 1266 2234 1347 noch nicht Korn genug gewonnen werden. Ihre Dreschtennen
440 1347 2227 1423 machen sie zirkelrund, und legen solche in einer Ecke ihres Fel¬
447 1414 2229 1495 des an, zu welchem Ende der Boden dort gereinigt und festge¬
456 1484 2241 1569 stampft wird. Die Garben werden rund darauf herum geschich¬
449 1560 2234 1634 tet, und ein viereckiges Brett, das unten mit scharfen Feuer¬
458 1632 2234 1717 steinen besetzt ist, wird durch ein paar Ochsen darüber hergezogen.
453 1706 2236 1785 Um das Brett schwerer zu machen stellet sich der Ochsentreiber
456 1780 2238 1861 oben drauf. Hierdurch wird das Stroh zu Häckerling gerissen
449 1854 1807 1931 und das Korn zugleich aus den Aehren gebracht.
593 1913 2234 2020 Die größte und einträglichste Ernte zu Madera besteht in
453 1994 2236 2097 Wein, von welchem die Insel auch berühmt ist. Wo das Erd¬
453 2070 2241 2151 reich, die Lage und Wasser es erlauben wird Wein gebauet. Jeder
449 2144 2234 2236 Weinberg wird durch einen oder mehrere Gänge, von drei bis
467 2216 2234 2306 sechs Fuß breit, durchschnitten, und diese sind mit zwei Fuß
453 2292 2249 2371 hohen Mauren eingeschlossen. Längst den Gängen, welche mit
465 2355 2243 2447 sieben Fuß hohem Lattenwerk überwölbt oder bedeckt sind, wer-
458 2438 2229 2530 den in gleich weiter Entfernung von einander Pfähle aufgerich¬
453 2510 2236 2595 tet, auf welche man ein Gitterwerk von Bambusrohr befestigt,
456 2582 2234 2667 welches von beiden Seiten des bedeckten Ganges bis ungefähr
458 2647 2245 2737 zwei Fuß von der Erde herabgeht und in dieser Höhe den gan¬
462 2725 2241 2815 zen Grund des Weinbergs bedeckt. Auf diese Weise werden die
453 2802 2236 2880 Ranken in die Höhe gehalten und die Arbeiter haben Platz das
456 2880 2234 2957 Unkraut, welches zwischen den Stöcken Hervorkommt, auszujäten.
453 2957 2252 3031 In der Weinlese kriechen sie unter das Lattenwerk, schneiden die
449 3022 2243 3100 Trauben ab und sammeln sie in Körbe. Ich sah hier Trau¬
453 3091 2241 3210 ben, die über sechs Pfund wogen. Diese Art den Grund von
