2479 3508
779 83 1573 256 in den Jahren 1772 bis 1775.
1954 110 2069 245 45
292 186 2066 341 Unkraut rein und feucht zu erhalten, und die Trauben selbst im
287 321 2066 417 Schatten reifen zu lassen, giebt dem Maderawein jenen vortreff-
280 404 2055 482 lichen Geschmack und die Eigenschaft den Mund recht zu fül¬
274 476 2066 559 len (corps), welche ihm so eigenthümlich ist. Es entsteht aber
285 554 2058 624 aus dieser Behandlung des Rebenbaues die Nothwendigkeit, daß
280 624 2058 705 gewisse Plätze zu Bamboopflanzungen angewandt werden müssen,
283 698 2060 779 weil das Lattenwerk nicht ohne Bambusrohr gemacht werden kann.
283 758 2060 846 Wenn es daher einem oder dem andern Weinberge, seiner Lage
274 826 2071 924 nach, an diesem unentbehrlichen Rohre fehlt, so kann er nicht
285 913 2078 1005 gehörig gebaut werden und bleibt deshalb oft gänzlich brach
274 981 453 1084 liegen.
417 1052 2069 1142 Der Wein ist von verschiedener Güte und Preise. Der beste
271 1131 2058 1207 wird von einer Art Trauben gemacht, wovon die Reben auf Be¬
274 1205 2060 1286 fehl des Infanten von Portugal Don Henrich aus Candia hier¬
271 1279 2060 1362 her gebracht und angepflanzt worden sind. Er heißt Madera-
276 1348 2062 1436 Malvasier (Madeira Malmsey). Die Pipe kann auf der Stelle
267 1425 2071 1512 nicht unter vierzig bis zweiundvierzig Pfund Sterling eingekauft
267 1494 2058 1566 werden. Es ist ein köstlicher süßer Wein; fällt aber nur sparsam.
265 1566 2058 1647 Die nächste Sorte ist ein trockner Beerenwein, welche Art nach
265 1645 2058 1721 London verfahren wird; von diesem gilt die Pipe dreißig bis ein-
263 1716 2055 1795 unddreißig Pfund. Geringere Sorten für Ost= und Westin¬
263 1793 2060 1871 dien und für Nordamerika kosten nach Beschaffenheit ihrer Güte
267 1862 2060 1950 von 28 zu 20 Pfund Sterling. Es werden, ein Jahr in das
271 1941 2060 2024 andere gerechnet, jährlich ungefähr 30,000 Pipen geerntnt, jede
274 2004 2060 2087 zu einhundert und zehn Gallons. Dreizehntausend Piper von den
274 2080 2058 2161 besten Sorten werden ausgeführt; das übrige wird theils zur ei¬
271 2152 2053 2233 genen Consumtion auf der Insel gebraucht, theils zu Brannt¬
263 2221 2055 2300 wein gebrannt, der nach Brasilien gehet, und theils wird Wein¬
267 2293 853 2403 essig daraus gemacht.
420 2369 2058 2473 Die Weinberge sind entweder mit Mauerwerk oder mit Hecken
265 2446 2049 2535 von Granaten, Myrten, Brombeer und wilden Rosen umzo-
269 2509 2055 2605 gen. In den Gärten werden Pfirsichen, Aprikosen, Quitten,
263 2587 2051 2672 Aepfel, Birnen, wälsche Nüsse, Castanien und andere europäische
274 2666 2051 2742 Früchte gezogen; zuweilen auch einige tropische Gewächse, als
271 2742 1149 2836 Pisangs, Goaven und Ananas.
413 2811 2040 2894 Die zahmen Thiere, welche wir in Europa haben, sind
258 2888 2055 2968 gleichfalls auf Madera anzutreffen; und obgleicht die dasigen
274 2957 2051 3047 Hammel und Ochsen nur klein sind, so ist ihr Fleisch doch wohl-
274 3031 2046 3114 schmeckend. Die Pferde sind ebenfalls klein, aber sicher auf den
263 3105 2042 3224 Knochen. Sie klettern mit größter Fertigkeit die steilsten Fuß¬
