2479 3508
476 115 596 234 46
1101 88 1627 247 Reise um die Welt
479 225 2268 328 steige hinauf, denn andere Wege giebts hier nicht. Von Räder¬
485 308 2281 411 fuhrwerk weiß man hier zu Lande gar nichts; in der Stadt
479 382 2263 485 aber giebt es eine Art Schleifen oder Schlitten, die aus zwei,
485 465 2272 546 durch Querhölzer verbundenen Brettern bestehen, welche vorn
479 539 2274 625 einen spitzen Winkel machen; man spannt Ochsen davor und be¬
483 607 2272 706 dient sich derselben, um Weinfässer oder andere schwere Waaren
485 688 845 780 fortzubringen.
620 748 2272 847 Von wildem Geflügel giebt es hier mehrere Arten als von
476 825 2274 926 anderm Wildpret, von dessen sonst zahlreichem Geschlecht nur das
479 906 2268 980 Kaninchen allein der einzige Repräsentant ist. Wir sahen vor¬
476 980 2263 1059 nehmlich den Sperber (falco nisus) verschiedene Krähen (cor¬
485 1036 2263 1142 vus corone) Elstern (corvus pica) Wald- und Feldlerchen
488 1124 2272 1207 (alauda arvensis et arborea) Staare (sturnus vulgaris) Gold¬
476 1193 2261 1299 ammer (Emberiza citrinella) gemeine- und Bergsperlinge (frin¬
483 1270 2268 1353 gilla domestica et montana) gelbe Bachstelzen und Rothkehl¬
474 1337 2263 1434 chen (motacilla flava et rubecula) und wilde Tauben, deren
485 1414 2270 1497 Gattung wir nicht bestimmen konnten; es kam uns auch die
483 1486 2268 1575 Haus= und Uferschwalbe, (hirundo rustica et apus) zu Gesicht
479 1553 2268 1636 und einige Herren von der Factorei versicherten uns, daß sie
479 1634 2265 1722 überdem noch die Rauchschwalbe (hirundo urbica) gesehen hätten.
476 1719 2268 1796 Die Schwalben bleiben den ganzen Winter über hier, und ver¬
479 1780 2265 1874 lieren sich bei kaltem Wetter nur auf ein paar Tage, während
470 1854 2268 1937 welcher sie sich in die Felsenklüfte verkriechen und beim ersten
476 1926 2283 2005 warmen Tage wieder zum Vorschein kommen. Das rothbeinige
470 2000 2277 2092 Rebhuhn (Tetraorufus) ist in den innern Theilen der Insel
479 2077 2277 2167 gleichfalls gemein, vermuthlich weil es dort weniger als in an¬
474 2146 2268 2239 dern Gegenden derselben gestört wird. In Herrn Loughnans
476 2223 2261 2306 Vogelhause sah ich den rothschnäblichen Sperling (Loxia astrild)
483 2292 2268 2396 Buchfincken, Distelfinken, Butterfinken und Canarienvögel (Frin-
483 2380 2268 2468 gilla coelebs, carduelis, butyracca und canaria), welche alle
476 2441 2265 2535 auf der Insel gefangen waren. Zahmes Federvieh, als Truthüh¬
479 2515 2263 2598 ner, Gänse, Enten und Hühner sind selten, vielleicht weil es an
479 2585 791 2688 Korn fehlt.
623 2657 2265 2746 Es giebt hier keine einzige Schlangenart; aber alle Häuser,
488 2731 2272 2818 Weinberge und Gärten wimmeln von Eidechsen. Die Mönche
479 2803 2263 2895 eines hiesigen Klosters klagten, daß ihnen solche viel Schaden
476 2881 2272 2973 im Garten thäten; um derselben loszuwerden hatten sie einen
479 2953 2252 3054 großen messingenen Kessel in die Erde gegraben, in welchem sich
485 3045 2263 3120 diese Thiere, die beständig nach Fraß herumlaufen, bei Hunderten
