2479 3508
760 109 1554 256 in den Jahren 1772 bis 1775.
1947 105 2049 272 47
277 212 2047 381 fingen und umkommen mußten, weil sie wegen der Glätte des
268 328 1487 426 Metalls nicht wieder herausklettern konnten.
410 397 2040 491 Längs den Küsten von Madera und den benachbarten Sal¬
261 493 2043 569 vages und Ilhas desertas fehlt es zwar der See nicht an Fischen,
270 564 2043 653 aber da sie zu Beobachtung der Festtage dennoch nicht hinreichen,
274 633 2052 718 so führen ihnen die englischen Schiffe von Gothenburg Heringe,
268 700 2043 794 desgleichen von Neu-York und andern Orten in Amerika gesalz-
261 780 1155 874 nen und trocknen Stockfisch zu.
415 850 2052 928 Wir sahen wenig Insekten, möchten aber vielleicht mehr
270 923 2054 1019 gefunden haben, wenn wir länger hier gewesen wären. Sie wa¬
268 992 2049 1075 ren alle bekannt, und eben nicht von viel verschiedenen Arten.
270 1064 2052 1160 Ich muß bei dieser Gelegenheit eine Anmerkung machen, die auf
274 1140 2056 1226 alle Inseln paßt, welche wir auf dieser Reise berührt haben.
274 1218 2049 1298 Vierfüßige Thiere, Amphibien und Insecten sind in solchen In¬
279 1284 2052 1376 seln, die weit vom festen Lande liegen, nicht häufig; und erstere
274 1358 2052 1463 finden sich gar nicht darauf, wenn sie nich durch Menschen hin¬
277 1436 2054 1514 gebracht worden. Fische und Vögel hingegen, die ohne fremde
274 1507 2052 1590 Beihülfe durch Luft und Wasser den Weg dazu finden können,
285 1588 2061 1670 sind häufiger und in mehr verschiedenen Gattungen anzutreffen.
277 1655 2052 1735 Große feste Länder hingegen sind reich an allen obbenannten
265 1724 2054 1806 Thierarten, so auch an Vögeln und Fischen, die, wie schon ge¬
279 1800 2054 1887 sagt, überall gemeiner sind. Afrika lieferte uns auf dieser Reise
268 1878 2049 1949 in wenig Wochen eine Menge verschiedener Arten von vierfüßi¬
272 1940 2049 2034 gen Thieren, Amphibien und Insecten, wovon wir doch in al-
277 2016 2063 2107 len übrigen Ländern nicht eine einzige neue Entdeckung hatten
270 2094 723 2194 machen können.
821 2442 1523 2596 Zweites Capitel.
274 2567 2058 2718 Reise von Madera nach den Inseln des grünen Vorgebirges und von da
662 2687 1675 2763 nach dem Vorgebirge der guten Hoffnung.
279 2874 2054 3002 Am 1. August gingen wir nebst der Adventure bei spätem Abend
277 2950 2058 3044 wieder unter Segel. Ein Nordostwind begünstigte unsre Fahrt
283 3044 2056 3133 dermaßen, daß wir bereits am 4. früh Morgens Palma zu Ge-
274 3104 2056 3240 sicht kriegten. Dies Eiland, welches unsern astronomischen Be¬
