2479 3508
444 101 563 262 48
1065 99 1580 253 Reise um die Welt
442 199 2221 338 rechnungen zufolge unter dem 28° 38' nördlicher Breite und
450 343 2230 419 unter dem 17° 58‘ westlicher Länge liegt, gehört zu denjenigen,
444 399 2228 473 welche den Alten unter dem Namen der glücklichen Inseln (In¬
446 475 2232 563 sulae fortunatae) bekannt waren, und eine derselben hieß da-
444 554 2219 630 mals schon Canaria*). Sie waren in ganz Europa vergessen,
442 621 2239 719 bis, gegen das Ende des vierzehnten Jahrhunderts, der Geist der
446 706 2232 778 Schifffahrt und der Entdeckungen wieder erwachte. Um diese
453 764 2232 852 Zeit fanden einige Abenteurer sie von neuem und Biscayische
450 843 2230 926 Seefahrer landeten, namentlich auf der Insel Lancerota, aus
444 912 2235 1000 welcher sie hundert und siebzig Eingeborne mit sich fortschleppten.
450 1000 2237 1060 Louis de la Cerda, ein spanischer Edelmann von der königlichen
446 1056 2237 1154 Familie in Castilien, erhielt ein Eigenthumsrecht auf diese In¬
455 1136 2223 1217 seln vermittelst einer päpstlichen Bulle, und führte derselben zu¬
444 1219 2235 1289 folge, vom Jahr 1344 an, den Titel eines Prinzen der glück¬
450 1282 2221 1360 lichen Inseln, ohne jedoch von diesen seinen Staaten wirklich
442 1347 2223 1443 Besitz zu nehmen. Hierauf wurden sie im Jahr 1402 aber¬
444 1421 2223 1513 mals von Johann Baron von Bethencourt aus der Normandie
450 1497 2221 1587 besucht. Dieser nahm einige derselben in Besitz und nannte sich
450 1580 2232 1654 König der kanarischen Inseln. Sein Enkel aber trat alles An¬
446 1638 2226 1739 recht auf selbige dem Don Henrich, Infanten von Portugal,
450 1721 2230 1804 ab; und endlich wurden sie den Spaniern überlassen, welche sie
450 1793 1078 1889 auch noch jetzt besitzen.
596 1865 2223 1952 Am folgenden Tage um fünf Uhr des Morgens passirten
444 1941 2219 2024 wir die Insel Ferro, die deshalb merkwürdig ist, weil einige
450 2010 2221 2105 Geographen die erste Mittagslinie durchs westliche Ende derselben
450 2082 2219 2172 ziehen. Nach einer vom Capitain Cook angestellten astronomi¬
459 2152 2221 2241 schen Beobachtung liegt diese westliche Spitze der Insel im 27°
455 2226 2223 2308 42' nördlicher Breite und im 18° 9' westlicher Länge. An eben
444 2300 2230 2414 dem Tage, da wir ungefähr unterm 27. Grad nördlicher Breite
637 2436 2219 2593 *) Es ist wahrscheinlich, daß nicht nur die kanarischen Inseln, son¬
446 2548 2217 2625 dern auch Madera und Porto-Santo den Alten bekannt gewesen, und
450 2629 2221 2694 wenn man dies annimmt, so lassen sich ihre verschiedenen Nachrichten von
453 2683 2214 2752 der Anzahl dieser Inseln gar wohl erklären. Plin. Hist. Nat. VI. 37.
450 2754 2230 2813 Die Beschreibungen der Alten stimmen auch mit den neuern überein.
455 2799 2223 2891 Mela cap. X. 20. „Ex iisdem quoque insulis etc.“ d. i. ‶Auch
455 2864 2223 2934 ward von diesen Inseln Cinnober nach Rom gebracht; und noch jetzo fin¬
455 2920 2223 3003 det sich auf selbigen der Baum, welcher den Cinnober hervorbringt. Er
455 2992 2223 3050 wird Drachenblut genannt." Auch haben wir von Plinius die Nachricht
462 3039 2221 3142 VI. 36. daß Juba, König von Mauritanien, auf diesen Inseln, gegen¬
446 3095 1712 3218 über dem Lande der Autololier, Purpur färben ließ.
