2479 3508
749 114 1531 267 in den Jahren 1772 bis 1775.
1914 141 2019 276 49
264 222 2019 383 waren, sahen wir verschiedene fliegende Fische, die, von Bonniten
267 354 2019 437 und Doraden verfolgt, sich über die Oberfläche des Wassers er¬
267 433 2024 522 hoben. Sie flogen nach allen Richtungen bald hier bald dorthin
264 491 2019 596 und nicht etwa blos gegen den Wind allein wie Kalm ausschlie¬
276 578 2022 663 ßenderweise zu glauben scheint. Auch flogen sie nicht immer in
276 648 2028 733 geraden, sondern auch in krummen Linien. Wenn sie im Fluge
273 728 2019 816 über die Oberfläche der See die Spitze einer Welle antrafen, so
276 784 2015 885 gingen sie durch selbige gerade durch und flogen auf der andern
271 865 2015 955 Seite weiter fort. Von dieser Zeit an bis wir den heißen Him¬
258 941 2028 1015 melsstrich (Zona torrida) verließen, hatten wir fast täglich das
264 1011 2022 1103 Schauspiel, unabsehliche Züge und Heere dieser Fische um uns
264 1080 2024 1177 her zu sehen. Zuweilen wurden auch wohl einige auf dem Ver¬
264 1165 2028 1260 deck gefangen, wenn sie zu ihrem Unglück zu weit geflogen, oder
273 1224 2015 1318 sich zu hoch erhoben und abgemattet hatten. Bei dem einför¬
256 1293 2024 1405 migen Leben, das wir zwischen den Wendezirkeln führten, wo
262 1365 2015 1455 Wetter, Wind und See stets angenehm und günstig waren, gab
253 1446 2033 1535 jeder kleine Umstand Gelegenheit zu Betrachtungen. Wenn wir
264 1517 2015 1607 zum Beispiel jene schönen Fische der See, die Bonniten und Do-
253 1605 2024 1688 raden, auf der Jagd der kleinern, fliegenden Fische antrafen, und
247 1663 2019 1759 bemerkten, wie diese ihr Element verließen, um in der Luft Si¬
253 1735 2033 1836 cherheit zu suchen; so war die Anwendung auf den Menschen
249 1815 2031 1905 nur gar zu natürlich. Denn wo ist wohl ein Reich, das nicht
247 1880 2022 1988 dem brausenden Ocean gliche, und in welchem die Großen, in
247 1957 2019 2044 allem Pomp und Pracht ihrer Größe, nicht immer die Unter¬
244 2031 2024 2118 drückung der Kleinern und Wehrlosen suchen sollten? Zuweilen
240 2102 2024 2183 ward das Gemählde noch weiter ausgeführt, wenn die armen
240 2176 2022 2286 Flüchtlinge auch in der Luft neue Feinde antrafen und ein Raub
244 2250 847 2367 der Vögel*) wurden.
394 2275 2024 2414 Am 8. hatte das Seewasser eine weißliche Farbe. Insofern
231 2394 2022 2483 die veränderte Farbe des Meerwassers oft von einer Untiefe, einer
249 2463 2017 2560 Sandbank, oder einem Felsen herzurühren pflegt, warfen wir,
247 2544 2015 2633 Sicherheits halber, das Senkblei aus, fanden aber mit funfzig
238 2620 2019 2712 Faden keinen Grund. Abends passirten wir den Wendezirkel des
238 2692 2022 2788 Krebses. Um diese Zeit beschlugen unsere Bücher und Geräth¬
249 2768 2022 2844 schaften mit Schimmel, und Eisen und Stahl fing in freier
226 2831 2024 2947 Luft an zu rosten. Wegen dieser Beschaffenheit der Luft ließ
368 3014 2015 3091 *) Dergleichen Raubvögel sind der Tölpel, (Pelecanus piscator.
240 3086 2015 3158 (Boobies) die Fregatten, (Pelecanus aquitus. Man of war bird.)
235 3144 1376 3252 und Tropit=Vögel (Phaeton aethereus.)
291 3214 961 3335 G. Forster's Schriften. I.
