2479 3508
496 112 607 243 50
1136 105 1650 257 Reise um die Welt
505 225 2279 357 der Capitain das Schiff fleißig mit Pulver und Weinessig aus¬
505 353 2279 444 räuchern. Es ist sehr wahrscheinlich, daß die Luft Salztheilchen
511 444 2279 507 enthalten mußte, denn bloße Nässe oder feuchte Dünste bringen
507 505 2279 594 keine solche Wirkung hervor*). Wie aber die schweren Salz¬
505 567 2288 656 theilchen, in Dünste aufgelöset, in die Luft emporgehoben wer¬
507 641 2279 737 den können? das mögen die Philosphen ausmachen. Es dürfte
507 705 2279 804 indessen vornehmlich zu untersuchen sein, ob nicht die vielen
507 790 2275 886 animalischen Substanzen, welche täglich in der See verfaulen,
507 855 2279 958 eine, zu Erklärung der obigen Erscheinung, hinreichende Menge
505 933 2279 1022 von flüchtigem Alkali hervorbringen? Die große Hitze zwischen
507 1007 2279 1094 den Wendezirkeln scheint die Seesalzsäure, welche im Seewasser
516 1087 2279 1170 so wie im Küchensalz enthalten ist, flüchtig zu machen; denn man
500 1161 2277 1241 hat angemerkt, daß z. E. an Tücher, welche, in aufgelöstes
509 1223 2286 1308 Alkali getunkt, über die gewöhnlichen Salzpfannen gehangen
509 1302 2282 1402 worden, sich in kurzer Zeit Krystalle eines Mittelsalzes ansetzten,
505 1395 2293 1467 das aus Salzsäure und jenem Alkali bestand, mit welchem die
507 1453 2291 1556 Tücher zuvor waren getränkt worden. Hieraus scheint zu fol¬
507 1520 2286 1623 gen, daß die Seesalzsäure durch die Hitze dieser Gegenden flüch¬
507 1594 2293 1683 tig gemacht wird und alsdann, in den Dünsten der Luft be¬
507 1672 2286 1755 findlich, die Oberfläche von Eisen und Stahl angreift; dem
500 1735 2288 1828 menschlichen Körper hingegen, der durch die Hitze des heißen
509 1819 2270 1902 Erdreichs sehr geschwächt wird, muß solche ungemein zuträglich
513 1889 2286 1976 sein, insofern sie beim Einathmen die Lunge stärkt und vermit¬
505 1969 2279 2056 telst ihrer gelind zusammenziehenden Wirkung auf die Haut der
509 2043 1480 2116 allzuheftigen Ausdünstung vorbeugt.
647 2099 2288 2206 Zu den Vorbauungs- und Heilmitteln gegen den See¬
513 2170 2286 2279 scharbock, welche wir von England aus mitgenommen hatten,
513 2257 2293 2342 gehörte auch eine verdickte Essenz von Bier**) (Weert oder
509 2322 2277 2409 Woort). Von dieser führten wir verschiedne Fässer am Bord;
509 2420 2295 2480 allein, noch ehe wir Madera verließen, war sie bereits in Gäh¬
509 2483 2286 2556 rung gerathen und jetzt sprengte sie gar die Fässer und lief aus.
505 2547 2284 2632 Der Capitain glaubte dem Uebel abzuhelfen, wenn er sie aus
500 2612 2286 2697 ihrem unteren, heißen Lager aufs Verdeck bringen ließe, wo es
507 2692 2270 2831 kühler war; allein die freie Luft vermehrte die Gährung derge¬
661 2813 2288 2929 *) Diese Meinung ist von Herrn Ellis, in seiner Reise nach der
509 2898 1681 3000 Hudsons=Bay, mit vielem Scharfsinn untersucht.
630 2978 2284 3076 *) Bier=Würze oder Maisch war so lange eingekocht worden bis
505 3072 2295 3157 dies Getränke die Consistenz von Syrup bekommen hatte; dies nannte
507 3130 1286 3235 man Bieressenz oder Würzessenz.
