2479 3508
763 78 1545 243 in den Jahren 1772 bis 1775.
1940 112 2049 248 51
274 181 2040 337 stalt, daß sie manchem Fasse den Boden ausstieß: dies geschah
274 312 2043 395 allemal mit einem Knall, als wenn eine Flinte abgeschossen
270 388 2052 477 würde, und ein Dunst oder Dampf ging gemeiniglich vor dem
277 455 2047 549 Knalle her. Auf Anrathen meines Vaters ward eine gährende
274 531 2040 622 Tonne dieser Essenz auf ein Faß umgefüllet, welches zuvor tüch¬
270 602 2052 682 tig war ausgeschwefelt worden. Dies stillte nun zwar die Gäh-
277 678 2052 774 rung auf einige Tage lang; nach deren Verlauf aber kam sie
277 749 2058 834 dennoch wieder, vornehmlich in den Fässern, welche der freien
268 825 2043 914 Luft ausgesetzt waren. Einige Tonnen, die unten in den klei¬
270 896 2052 988 nen Ballast-Steinen vergraben lagen, hielten sich besser, wenig¬
279 970 2061 1059 stens sprangen sie nicht. Vielleicht würde eine Beimischung von
270 1048 2052 1122 doppelt abgezognem Branntwein den Fortgang der Gährung ge-
265 1117 2054 1195 hindert haben. Uebrigens war das Bier, welches aus dieser
274 1177 2061 1271 Würze, blos durch Beigießung von warmem Wasser gemacht
270 1271 2052 1338 ward, sehr gut und ließ sich trinken; doch hatte es einen etwas
274 1334 2058 1416 empyreumatischen Geschmack, der durchs Einkochen entstanden war.
428 1409 2065 1494 Am 11. August entdeckten wir Bonavista, eine von den
274 1458 2052 1583 Inseln des grünen Vorgebirges; und als sich am folgenden Mor¬
277 1545 2052 1650 gen das Wetter, nach einem Regenschauer, aufgeheitert hatte,
270 1637 2054 1708 erblickten wir auch die Insel Mayo. Gegen Mittag näherten
270 1701 2054 1786 wir uns endlich der Insel San Jago und ankerten um drei
270 1771 1710 1873 Uhr Nachmittags in der Bay von Porto-Praya, —" welche
270 1851 2054 1938 an der Südseite der Insel im 14° 53' 30“ nördlicher Breite,
268 1940 1394 2003 und unter 23. 30' westlicher Länge liegt
426 1987 2052 2076 Früh am folgenden Tage gingen wir ans Land und be¬
274 2045 2040 2147 suchten den Commandanten im Fort, Don Joseph de Sylva,
268 2154 2054 2219 einen gutherzigen Mann, der etwas französisch sprach und uns
270 2208 2052 2295 beim General-Gouverneur der Cap-Verdischen Inseln einführte.
268 2277 2043 2364 Dieser Herr hieß Don Joachim Salama Saldancha de Lobos.
274 2357 2045 2469 Er residirt sonst gemeiniglich zu S. Jago, als der Hauptstadt
268 2428 2043 2513 dieser Insel; weil er aber kränklich war, wie seine blasse Ge¬
283 2502 2043 2589 sichtsfarbe es bezeugte, so hatte er sich vor zwei Monaten hie¬
274 2580 2052 2663 her begeben, wo die Luft gesünder sein soll. Er wohnte in den
274 2656 2049 2734 Zimmern des Commandanten, der sich unterdessen in einer elend
274 2721 2045 2814 den Hütte behelfen mußte und uns einige Nachricht von diesen-
274 2794 609 2901 Inseln gab.
424 2823 2052 2966 Antonio Nolli, wahrscheinlicherweise eben der, welchen An-
268 2932 2054 3026 dre auch Antoniotto nennen, ein Genueser, der beim Infanten
270 3022 2054 3089 von Portugal, Don Henrich, in Diensten stand, entdeckte im Jahr
283 3084 2054 3211 1449 einige dieser Inseln und landete am 1. Mai auf einer
1594 3162 1704 3287 3*
