2479 3508
447 134 554 238 52
1086 91 1603 247 Reise um die Welt
450 194 2233 332 derselben, die auch, ihrem Entdeckungstage zu Ehren, den Na¬
450 312 2240 416 men Mayo erhielt. S. Jago erblickte er zu gleicher Zeit. Im
461 398 2228 483 Jahr 1460 ward abermals eine Reise dahin angestellt, um Be¬
465 459 2233 557 sitz davon zu nehmen, eine Colonie dort anzulegen, und sich
468 541 2231 623 förmlich darauf niederzulassen, bei welcher Gelegenheit denn auch
459 617 2240 686 die übrigen Inseln vollends entdeckt wurden. S. Jago ist die
468 688 2240 777 größte und ungefähr siebenzehn Stunden (leagues) lang. Die
459 748 2237 828 Hauptstadt gleiches Namens liegt im Innern des Landes und
459 819 2233 913 ist der Sitz des Bischofs, zu dessen Sprengel alle Inseln des
459 908 2237 1000 grünen Vorgebirges gehören. Diese Insel ist in eilf Kirchspiele
465 968 2233 1071 getheilt, wovon das volkreichste ungefähr vier tausend Häuser
461 1042 2228 1129 enthält, so daß sie im Ganzen genommen nur schlecht bevöl-
461 1120 683 1211 kert ist.
619 1189 2233 1278 Porto-Praya liegt auf einem steilen Felsen, den wir auf
461 1267 2240 1349 einem schlängelnden Fußsteig hinangingen. An der Seeseite be¬
474 1338 2233 1427 stehen die Festungswerke aus alten verfallnen Mauern, und ge-
468 1407 2237 1496 gen die Landseite hin nur aus einem Aufwurf von losen Stei¬
459 1483 2249 1574 nen, der kaum halb Manns hoch ist. Nahe beim Fort steht
461 1556 2233 1641 ein ziemlich ansehnliches Gebäude, welches einer Gesellschaft von
459 1621 2237 1719 Kaufleuten zu Lissabon gehört, die ein Handlungs=Monopolium
461 1696 2233 1781 für diese Inseln haben und zu dem Ende hier einen Agenten
468 1774 2231 1870 halten. Da wir einige frische Lebensmittel allhier einkaufen woll¬
456 1850 2235 1926 ten, verwies uns der Gouverneur desfalls an diesen Agenten;
465 1923 2233 2008 allein es war ein sehr bequemer Herr, der uns zwar alles ver¬
465 1986 2237 2088 sprach, was wir nur verlangten, am Ende aber doch nichts wei¬
459 2064 2240 2153 ter verschaffte, als einen einzigen magern Ochsen. Die vorge¬
459 2139 2249 2217 dachte Handlungsgesellschafft tyranny über die armen Einwoh¬
468 2215 2235 2331 ner, und verkauft ihnen die elendesten Waaren zu ganz unerhör¬
459 2284 797 2380 ten Preisen.
614 2362 2249 2433 S. Jago hat wenig Einwohner. Sie sind von mittlerer
474 2433 2249 2509 Größe, häßlich und fast ganz schwarz, haben wollicht krauses
461 2505 2246 2616 Haar und aufgeworfne Lippen, kurz sie sehen wie die häßlichsten
468 2582 2237 2665 Neger aus. Der Herr Canonicus Pauw zu Xanten*) scheint
468 2654 2237 2732 es für ausgemacht zu halten, daß sie von den ersten Portugiesi-
474 2720 2237 2814 schen Colonisten abstammen, und nach und nah, durch neun
468 2794 2246 2887 Generationen, das ist, in ungefähr dreihundert Jahren, ihre
474 2867 2237 2956 jetzige schwarze Farbe bekommen haben, welche wir jedoch noch
461 2948 2242 3030 weit dunkler fanden, als Er sie beschrieben hat. Ob diese aber,
606 3072 2155 3192 *) Recherches philosophiques sur les Americains Vol. I. p. 186.
