2479 3508
761 108 1562 258 in den Jahren 1772 bis 1775.
1952 139 2053 274 53
256 222 2055 357 nach seiner und des Abts de Manet*) Meinung, lediglich durch
271 346 2055 433 die Hitze des heißen Erdstrichs hervorgebracht worden, oder ob
274 417 2055 503 sie nicht vielmehr durch ihre Verheirathung mit Schwarzen von
263 498 2055 588 der benachbarten afrianischen Küste entstanden sei? darüber will
265 563 2058 644 ich nichts entscheiden, wenn gleich der Graf Buffon*) geradezu
274 642 2049 718 behauptet „daß die Farbe der Menschen vornehmlich vom Clima
274 714 2058 801 abhängt." Dem sei wie ihm wolle, so sind doch jetzt höchst
271 785 2058 864 wenig Weiße unter ihnen, und ich glaube, daß wir deren, den
276 880 2069 938 Gouverneur, den Commandanten und den Handlungsagenten
265 933 2051 1012 mitgerechnet, wohl nicht über 5 bis 6 gesehen haben. In eini¬
276 1005 2058 1095 gen dieser Inseln sind selbst die Gouverneurs und die Priester
274 1079 2055 1169 Schwarze. Die Vornehmern gehen in alten, abgetragenen, eu¬
274 1156 2060 1250 ropäischen Kleidungen einher, welche sie noch vor Errichtung der
271 1239 2069 1310 monopolisirenden Handlungsgesellschaft eingetauscht haben. Die
276 1301 2051 1400 Uebrigen begnügen sich mit einzelnen Kleidungsstücken, als einem
276 1373 2058 1465 Hemde, einem Camisol, einer Hose oder einem Hut, und schei-
271 1449 2058 1519 nen sich in ihrem Aufzuge, wie er auch ist, wohl zu gefallen.
267 1517 2062 1607 Die Weiber sind häßlich, und tragen bloß ein Stück gestreiftes
267 1593 2060 1683 baumwollnes Zeug über die Schultern, das bis auf die Knie
274 1685 2060 1752 vorn und hinten herabhängt; die Kinder aber gehen, bis sie zu
276 1746 2060 1817 mannbaren Jahren kommen, gänzlich nackend. Durch den De-
276 1813 2058 1907 spotismus der Gouverneurs, durch die Leitung der abergläubischen
271 1889 2055 1961 und blinden Pfaffen, und durch die Nachläßigkeit der portugie¬
285 1959 2062 2049 sischen Regierung, ist dies Volk wirklich in noch elendern Um¬
283 2026 2060 2129 ständen, als selbst die schwarzen Völkerschaften in Africa sind,
271 2102 2069 2192 und eben jene Hindernisse werden es auch in der Folge stets ab¬
276 2170 2069 2268 halten, sich auszubreiten und zu vermehren, worin doch der
274 2259 2062 2336 wahre Reichthum eines Landes besteht. Es ist natürlich, daß
267 2329 2071 2428 die Bewohner des heißen Erdstrichs eine Neigung zur Faulheit
271 2401 2058 2502 haben; aber darin werden sie bestärkt, und müssen nothwendiger¬
276 2484 2058 2578 weise gegen jede, mit Mühe verknüpfte Verbesserung ihres Zu¬
285 2540 2066 2639 standes gleichgültig werden, wenn sie zum voraus wissen, daß
274 2618 2060 2740 alle dahin gerichtete Versuche sie nur noch geplagter und unglück¬
274 2692 2062 2782 licher machen würden. Mit einer düstern Fühllosigkeit überlassen
276 2767 2058 2847 sie sich daher der Bettelei, als dem einzigen Stande, der sie ge¬
271 2847 2053 2948 gen die gierigen Klauen ihrer tyrannyen Herren schützen kann.
431 2953 2058 3078 *) Nouvelle histoire de l'Afrique française. Paris 1767. 12mo.
278 3038 707 3175 Vol. II. p. 224.
402 3141 1353 3267 *) Hist. nat. 12mo. Vol. VI. p. 260.
