2479 3508
433 132 537 248 54
1061 100 1577 256 Reise um die Welt
437 212 2212 352 Und warum sollten sie auch wohl auf Kosten ihrer Ruhe und
435 323 2205 424 ihres Schlafs, dieser einzigen Erquickung in ihren Beschwerden,
444 415 2226 493 arbeiten? da sie wissen, daß der Lohn dafür nicht ihnen zu gute
442 473 2214 575 kommen, sondern bloß den Reichthum Anderer vermehren würde.
580 553 2221 629 Trübe Aussichten, die nicht einmal Hoffnung zum Glück
444 627 2228 714 zeigen, sind wahrlich keine Anlockungen zum Heirathen, und die
453 694 2214 780 Schwierigkeiten, den nöthigen, wenn auch noch so geringen Un¬
435 778 2228 863 terhalt zu finden, sind eben so viel hinreichende Gründe den
444 850 2221 914 Haus- und Familiensorgen aus dem Wege zu gehn. Hierzu
442 910 2223 992 kommt noch, daß die Fruchtbarkeit und der Ertrag des dürren
446 990 2221 1084 Erdreichs lediglich davon abhängt, daß zu gewissen Zeiten des
450 1066 2237 1151 Jahres das erforderliche Regenwetter richtig einfalle; bleibt nun
442 1135 2214 1218 dieses unglücklicherweise auch nur im geringsten aus, so muß
446 1202 2228 1289 auf Feld und Wiesen alles verdorren und verbrennen und die
455 1278 2219 1367 Hungersnoth ist unvermeidlich. Es läßt sich begreifen und an¬
444 1360 2226 1434 nehmen, daß dergleichen Unglücksfälle die Einwohner ebenfalls
446 1423 2217 1505 abschrecken, dem Vergnügen der ehelichen Verbindung nachzu¬
446 1503 2219 1581 hängen, weil sie besorgen müssen, daß Elend und Sclaverei das
450 1574 1686 1668 Loos ihrer unglücklichen Kinder sein werde*).
591 1646 2219 1735 Die Inseln des grünen Vorgebirges sind zwar gebirgigt,
446 1724 2221 1802 doch ist auf den niedrigern Bergen, die sich sanft gegen das
446 1793 2217 1882 Ufer verlaufen und geräumige Thäler zwischen sich inne haben,
446 1869 2228 1942 alles schön grün. Im Ganzen genommen, fehlt es diesen In¬
455 1940 2221 2025 seln aber an Wasser, denn, S. Jago ausgenommen, welches
450 2020 2226 2103 einen ziemlichen Fluß hat, der sich bei Ribeira grande, einem
450 2085 2221 2181 darnach benannten Flecken, ins Meer ergießt, giebt es auf eini¬
455 2161 2219 2248 gen derselben nur allein Brunnenwasser. So ist z. B. zu Porto¬
584 2310 2226 2386 *) Als wir im Jahr 1775 auf unserer Rückkehr nach England wie¬
446 2375 2217 2471 der an das Vorgebirge der guten Hoffnung kamen, erzählte man uns,
446 2453 2219 2524 daß diese Inseln in den beiden vorhergehenden Jahren von einer allge¬
446 2515 2212 2580 meinen Hungersnoth betroffen worden wären. Hunderte der Einwohner
446 2573 2228 2640 waren damals Hungers gestorben, und der Capitain eines holländischen
459 2622 2221 2707 Schiffs, der um diese Zeit bei St. Jago vor Anker lag, hatte eine
453 2707 2223 2774 ganze Anzahl derselben mit Weib und Kindern an Bord genommen, die
462 2752 2221 2828 sich ihm zu Leibeignen übergeben hatten, nur um dem Hunger zu entge¬
455 2812 2221 2883 hen. Er machte sich ihre Noth zu Nutze, brachte sie an das Vorgebirge
455 2877 2214 2944 der guten Hoffnung und verkaufte sie daselbst. So bald indessen die hol¬
453 2939 2212 3002 ländische Regierung am Cap Nachricht von diesem schändlichen Handel be¬
455 2993 2214 3057 kam, erhielt er Befehl, diese Unglücklichen auf seine eigne Kosten wieder
453 3048 2234 3131 einzulösen, sie in ihr Vaterland zurückzuführen, und vom portugiesischen
455 3106 2074 3211 Gouvernement Bescheinigung beizubringen, daß solches geschehen sei.
