2479 3508
784 60 1587 228 in den Jahren 1772 bis 1775.
1982 114 2081 214 55
308 170 2074 299 Praya nicht mehr als ein einziger Brunnen, der bloß mit Feld¬
295 297 2081 382 steinen, ohne Mauerwerk schlecht ausgelegt war und nicht nur
297 368 2074 455 trübes und salziges, sondern auch so wenig Wasser gab, daß
301 446 2078 529 wir ihn täglich zweimal trocken schöpften. Das Thal neben dem
297 507 2081 607 Fort scheint einen etwas feuchten Grund zu haben und ist hie
297 603 2072 661 und da mit Cocosnuß-Palmen, Zuckerrohr, Bananen, Baum¬
297 661 2074 746 wolle, Goaven und Papao-Bäumen bepflanzet; der größte Theil
301 734 2081 848 desselben aber ist mit Buschwerk überwachsen, oder besteht aus
304 810 603 909 Hutungen.
453 886 2074 969 Diese letztern Umstände würden vielleicht hoffen lassen, daß
297 967 2074 1054 diese Inseln wichtig und einträglich gemacht werden könnten,
292 1027 2065 1123 wenn sie einem arbeitsamen, unternehmenden und Handlung-
295 1101 2072 1199 treibenden Volke zugehörten. Die Cochenill-Pflanze, Indigo,
292 1197 2076 1259 einige Gewürze und vielleicht auch Caffee, würden dem Anscheine
292 1259 2076 1328 nach in diesem brennend heißen Clima wohl fortkommen, und
301 1337 2087 1418 gewiß völlig hinreichen den Pflanzern und übrigen Einwohnern
292 1393 2083 1485 nicht nur die nothwendigsten Bedürfnisse, sondern auch alle Be¬
301 1487 2085 1547 quemlichkeiten des Lebens zu verschaffen, wenn diese nemlich ei¬
295 1529 2074 1634 ner so wohlthätigen und freien Regierung genössen als die eng¬
295 1605 2081 1701 lische ist. Alsdann würde, statt des jetzigen kümmerlichen Un-
292 1688 2078 1773 terhalts von Wurzelwerk, ihr Tisch mit Ueberfluß besetzt und
295 1757 1994 1857 ihre elenden Hütten in bequeme Häuser umgeschaffen werden.
444 1828 2078 1924 Einige der niedrigen Hügel waren dürr und unfruchtbar,
301 1909 2085 1985 dergestalt, daß man kaum hie und da etwas Grünes darauf er¬
295 1978 2081 2085 blickte; auf andern hingegen sahen wir noch einige Pflanzen, ob
301 2049 2074 2134 es gleich schon gegen das Ende der trocknen Jahreszeit ging.
297 2114 2081 2206 In den Thälern ist der Boden fruchtbar genug und besteht aus
295 2199 2081 2295 ausgebrannten, verwitterten Schlacken und okerfarbner Asche;
297 2266 2081 2360 aber überall ist das Erdreich mit einer Menge von Steinen be¬
295 2344 2083 2445 deckt, die verbrannt, und eine Lava-Art zu sein scheinen; auch
295 2416 2090 2520 die Felsen an der Küste sind von schwarzer Farbe und sehen
301 2498 2081 2583 ebenfalls verbrannt aus. Aus dem allen ist wahrscheinlich, daß
301 2563 2081 2686 diese Insel große Veränderungen von vulcanischen Ausbrüchen
295 2657 2083 2730 erlitten hat, und von den übrigen nah gelegnen Inseln läßt
304 2715 2078 2804 sich vielleicht ein Gleiches sagen, zumal da eine derselben, nem¬
295 2802 2078 2869 lich Fuée, noch bis auf diesen Tag aus einem wirklich feier¬
301 2858 2076 2945 speienden Berge besteht. Die im Innern des Landes gelegnen
301 2929 2074 3009 Berge sind hoch, auch einige derselben, dem Ansehen nach, sehr
295 3005 2072 3137 steil, und mögen wohl ältern Ursprungs sein als die vulcani-
