2479 3508
417 103 535 230 56
1055 56 1561 221 Reise um die Welt
435 161 2197 314 schen Theile an der Küste, welche allein wir zu untersuchen Ge¬
435 285 892 404 legenheit hatten.
580 350 2205 450 Am Abend gingen wir an Bord zurück; da aber die
433 439 2205 522 Brandung am Ufer jetzt höher war als am Morgen, so muß¬
428 511 2203 598 ten wir uns nackend ausziehen, um zu dem Boote zu waten,
426 580 2203 669 welches unsre besten Schwimmer unterdessen mit Wasserfässern
428 656 2205 729 und solchen Erfrischungen beladen hatten, als am Lande zu be¬
428 725 2221 816 kommen gewesen waren. Dies hatte indessen nicht ohne Furcht
435 798 2217 870 und Besorgniß vor den Hay-Fischen (Shacks) geschehen kön¬
424 874 2210 946 nen, deren es in diesem Hafen eine große Menge gibt. Die
435 941 2205 1046 Capitaine, Sternseher und Lootsen hatten den Tag mit Auf-
437 1026 2226 1113 nahme eines Claus vom Hafen zugebracht, und zu dem Ende
437 1084 2219 1177 auf einer im Hafen belegnen kleinen Insel, die wegen der häu¬
437 1171 2219 1258 sigen Wachteln Ilha dos Codorniges oder die Wachtel=Insel
450 1231 2214 1334 genannt wird, Beobachtungen angestellt. Der Commandant im
437 1318 2210 1400 Fort erzählte uns, daß vor einiger Zeit die Officiers einer fran¬
437 1383 2214 1472 zösischen Fregatte an eben diesem Orte Beobachtungen angestellt
442 1458 2212 1545 und verschiedne Uhren von neuer Erfindung bei sich gehabt
442 1530 696 1632 hätten *).
589 1594 2210 1693 Am folgenden Tage bat Capitain Cook den General=Gou¬
437 1684 2210 1753 verneur und den Commandanten zum Mittagessen, und wir
435 1742 2212 1824 blieben am Bord um Dolmetscher-Stelle zu vertreten. Der
444 1822 2212 1922 Capitain sandte sein eignes Boot um sie vom Lande abzuholen,
442 1900 2212 1976 allein, es kam ohne die erwarteten Gäste zurück, und der Gou¬
437 1967 2214 2067 verneur ließ sein Aussenbleiben damit entschuldigen, daß ihm an
437 2047 2212 2118 Bord eines Schiffes immer übel werde. Der Commandant ver¬
435 2112 2205 2199 sprach zu kommen; da er aber vergessen hatte den Gouverneur
444 2192 2210 2279 sogleich auf der Stelle um Urlaub zu bitten, so war letzterer
435 2263 2210 2346 unterdessen zu seiner Siesta oder Mittagsruhe gegangen, und
437 2335 1601 2420 Niemand wagte sich, ihn darin zu stören.
575 2406 2212 2502 Da nicht viel frische Lebensmittel in Porto Praya zu be¬
433 2473 2214 2567 kommen waren; so wollten wir uns auch nicht länger dort auf¬
437 2558 2210 2649 halten. Etliche Tonnen halb salziges Wasser, ein einziger ab¬
435 2643 2210 2723 gehungerter Ochse, einige langbeinige Ziegen, die, beiläufig ge-
598 2770 2201 2908 *) Dies war die Fregatte Isis unter Commando des Herrn Fleu¬
435 2843 2217 2966 rien, an deren Bord sich Herr Pingré mit verschiednen Längen - Uhren
435 2970 2197 3035 (Time-Keepers) befand. Das Journal von der Reise dieses Schiffs,
435 3006 2201 3122 und die auf demselben angestellten Beobachtungen sind in zwei Quart-
435 3075 979 3184 bänden herausgegeben.
